2300 4059
127 104 182 163 108
281 179 285 188 Ι
469 121 574 164 cirus
588 120 769 165 secunaum
805 138 821 165 e
909 88 912 93 ¹

208 338 313 399 ml.
337 339 449 402 Caedes
461 348 489 399 ct
495 338 614 418 fartam
628 341 702 403 miro
715 340 827 401 indicio
841 340 1023 417 deteguntur.

163 491 262 557 Strato
275 496 406 556 medicus
426 495 504 560 domi
532 497 642 557 furtum
670 498 737 557 facit
764 508 791 558 et
812 494 1097 573 caedem'ejusmodi:

126 577 228 639 Quum
241 587 315 635 esset
328 576 361 635 in
372 577 492 637 aedibus
504 578 671 655 armarium,
691 577 723 635 in
736 596 793 655 quo
807 577 893 636 sciret
906 595 971 635 esse
984 596 1101 635 nummo

123 672 192 715 rum
210 654 393 732 aliquantum
413 666 440 715 et
460 656 541 717 auri:
563 666 650 715 noctu
672 655 744 715 duos
764 674 918 715 conservos
939 655 1103 715 dormientes

123 734 234 805 occidit,
244 737 276 793 in
288 734 487 812 piscinamque
502 734 617 811 dejecit:
640 735 702 812 ipse
716 735 834 793 armarii
843 735 1102 808 fundumexsocuit,

123 824 152 873 et
164 814 323 873 sestertium
338 815 393 873 CL
405 826 432 873 et
445 814 509 872 auri
519 814 646 892 quinque
660 814 755 891 pondo
765 813 887 885 abstulit,
897 833 958 873 uno
973 815 1104 874 exsertis

123 912 221 970 puero,
243 913 301 951 non
322 893 433 970 grandi,
456 894 578 952 conscio.
621 894 712 953 Furto
726 892 863 970 postridie
876 893 1003 970 cognito,
1018 894 1104 952 onmis

123 972 251 1049 suspicio
265 972 296 1030 in
310 993 360 1031 eos
373 992 478 1040 servos,
502 974 552 1050 qui
565 993 624 1031 non
638 972 848 1049 comparebant,
870 973 1103 1032 commovebatur.
1141 982 1142 1025 f

126 1052 229 1113 Quum
237 1052 360 1111 exsectio
374 1051 426 1111 illa
434 1051 517 1110 fundi
529 1052 560 1110 in
568 1052 694 1111 armario
705 1052 988 1123 animadverteretur,
998 1070 1106 1129 quaere-

122 1128 190 1189 bant
205 1130 342 1199 homines,
353 1150 479 1207 quonam
492 1132 577 1190 modo
591 1132 655 1191 fieri
669 1130 825 1208 potuisset?
858 1130 990 1193 Quidam
1000 1152 1034 1189 ex
1043 1132 1106 1191 ami·

122 1209 165 1267 cis
179 1210 294 1268 Sassiae
307 1211 471 1269 recordatus
485 1221 532 1280 est,
556 1230 589 1269 se
609 1229 703 1289 nuper
724 1210 755 1267 in
768 1209 902 1269 auctione
915 1208 1061 1287 quandam
1074 1213 1106 1271 vi·

123 1288 201 1348 disse
220 1290 253 1349 in
271 1289 357 1348 rebus
377 1290 496 1348 minutis
510 1290 660 1361 aduncam,
678 1309 715 1349 ex
728 1290 807 1347 omni
820 1300 900 1367 paite
914 1287 1064 1359 dentatam
1085 1302 1107 1349 et

121 1377 286 1437 tortuosam,
309 1368 409 1427 venire
432 1368 581 1440 serrulam,
604 1388 662 1445 que
680 1368 752 1426 illud
765 1369 892 1445 potuisse
905 1368 944 1426 ite
958 1369 1107 1429 circumse-

121 1447 184 1506 cari
196 1447 347 1508 videretur.
383 1449 432 1507 Ne
445 1446 550 1506 multa:
572 1446 775 1527 perquiritura
788 1448 976 1507 coactoribus.
1001 1449 1108 1509 inveni·
1141 1516 1142 1527 p

120 1535 169 1585 tur
186 1546 221 1585 ea
234 1525 346 1585 serrula
359 1526 396 1585 ad
409 1529 570 1586 Stratonem
580 1526 752 1605 pervenisse.
784 1528 852 1587 Hoc
862 1526 944 1585 initio
955 1528 1108 1604 suspicion·
1141 1554 1142 1557 ¹

122 1604 148 1663 is
161 1616 230 1673 orto,
248 1617 275 1663 et
288 1616 385 1683 aperte
398 1606 565 1665 insimulato
579 1610 715 1675 Stratone,
729 1624 802 1683 puer
815 1604 866 1683 iile
879 1605 1016 1666 conscius
1030 1607 1110 1684 perti·

64 1735 78 1761 ‚
121 1684 210 1743 muit:
233 1701 295 1743 rem
308 1705 424 1745 omnem
438 1683 572 1745 dominae
586 1684 735 1761 indicavit;
757 1684 890 1743 homines
905 1684 936 1743 in
951 1684 1064 1763 piscina
1072 1685 1110 1745 in·

121 1764 199 1823 venti
212 1775 292 1823 sunt:
316 1766 409 1824 Strato
431 1763 463 1823 in
482 1762 600 1823 vincula
612 1764 757 1841 conjectus
770 1774 819 1832 est,
834 1773 919 1841 atque
928 1764 1018 1825 etiam
1032 1766 1063 1824 in
1075 1776 1112 1825 ta·

120 1841 211 1901 bema
223 1833 287 1919 ejus
296 1844 416 1913 nummi
430 1863 615 1921 nequaquam
623 1862 730 1910 ornnes
742 1842 1047 1920 reperiuntur—Hoc
1055 1864 1112 1904 uno

120 1921 205 1981 modo
219 1942 305 2000 saepe
327 1921 486 1982 multorum
508 1923 687 2001 improbitate
709 1922 844 1999 depressa
861 1922 968 1985 veritas
982 1924 1112 2001 emergit,

120 2011 148 2059 et
160 2001 342 2061 innocentiae
352 2002 478 2061 defensio
491 2001 649 2063 interclusa
662 1996 798 2078 respirat:
819 1999 897 2077 quod
908 2012 960 2062 aiat
974 1998 1003 2069 ii,
1015 2002 1069 2079 qui
1078 2003 1113 2061 ad

120 2079 252 2139 fraudem
264 2079 362 2140 callidi
376 2092 449 2149 sunt,
461 2102 519 2141 nou
532 2092 644 2140 tantum
656 2080 769 2148 audent,
778 2090 921 2156 quantum
932 2080 1102 2161 excogitant
1106 2102 1112 2157 ;

119 2171 168 2217 aut
181 2158 234 2230 illi
248 2179 372 2237 quorum
387 2160 492 2219 eminet
504 2160 627 2219 audacia
646 2170 732 2236 atque
744 2158 870 2235 projecta
884 2168 933 2229 est,
948 2178 969 2218 a
981 2160 1113 2232 consiliis

119 2236 247 2297 malitiae
261 2239 436 2298 deseruntur.
481 2235 608 2302 Quodsi
622 2250 670 2297 aut
683 2236 830 2297 confidens
839 2238 952 2307 astutia,
972 2248 1025 2297 aut
1038 2238 1113 2297 calli·

120 2316 160 2456 gp
170 2328 244 2376 esset
257 2318 385 2474 apdacia,
395 2318 444 2379 vix
456 2317 518 2379 ullo
531 2318 631 2379 obsisti
643 2317 729 2379 modo
742 2326 844 2396 posset
887 2318 964 2400 (Pro
977 2314 1113 2380 Cluentio

160 2442 167 2455 .
182 2406 210 2456 et
223 2400 267 2458 65.
