2300 4059
383 46 389 77 ,
464 49 469 68 .

120 88 168 151 Β
420 103 623 184 nsornorturr
638 106 812 151 ursarum

119 246 179 305 tius
192 242 382 306 Macedoniae
401 256 575 323 occupasset,
589 266 690 323 pacem
710 266 779 307 cum
792 245 939 307 Antiocho
952 233 1028 314 iacit,
1048 246 1101 305 alb

8 377 11 396 ,
119 326 294 403 nitatemqua
315 344 383 384 curn
404 324 617 403 Pyrrhodata
638 328 665 385 ei
687 326 719 383 in
740 327 958 386 matrimonium
972 326 1033 384 lilia
1046 344 1100 396 suo,

115 404 231 496 jungis
262 404 319 464 Sed
338 404 418 464 brevi
438 415 509 481 post,
529 404 746 495 incredibilibus
766 405 928 464 commissis
942 404 1101 475 sceleribus,

118 483 249 623 :madida
261 502 354 562 reguo
367 484 506 591 spoliatus
517 494 683 561 captusque,
696 494 785 599 urtam
798 485 881 584 ferro,
902 496 934 543 ut
955 489 1102 555 meruerat,

158 747 205 802 51.
229 743 316 801 Galli
330 734 362 800 iri
377 742 534 800 Graeciam
544 750 707 839 penetrant.
726 721 730 727 ¹
750 743 832 823 (lus.
848 742 975 825 XXIV,
986 744 1013 810 4,
1027 742 1068 819 5.)

52 948 56 955 .
160 901 297 977 Namque
319 898 407 969 Galli,
427 898 591 959 abundante
611 898 801 968 multitudine,
822 918 913 977 quum
924 902 977 965 eos
992 894 1051 957 non
1065 920 1106 957 ca·

118 991 218 1059 petent
238 991 338 1048 terrae,
359 997 433 1055 quae
454 988 621 1055 genuerant,
642 990 767 1039 trecenta
786 978 878 1039 millia
899 977 1053 1036 hominum
1072 977 1106 1035 ad

118 1058 201 1117 aedes
220 1078 312 1117 novas
332 1055 510 1134 quaerendas
528 1058 676 1115 miserunt.
719 1058 769 1117 Ex
788 1058 835 1115 bis
856 1052 948 1135 portio
970 1056 1003 1113 in
1027 1056 1107 1114 ltalia

117 1137 253 1208 consedit,
275 1156 350 1215 quae
373 1146 400 1194 et
422 1137 549 1194 Romam
570 1136 714 1203 incendit,l
728 1136 785 1195 alia
806 1136 898 1215 portio
918 1135 949 1195 in
973 1134 1112 1215 Illyricos

118 1215 201 1275 ainus
214 1216 378 1295 penetravit,
392 1214 463 1273 etin
478 1214 650 1273 Pannonia²
670 1214 805 1282 consedit,
816 1215 865 1274 ubi
879 1212 1049 1293 permultos
1063 1235 1108 1271 an·

117 1312 172 1354 nos
191 1296 268 1354 bella
287 1314 356 1354 curn
377 1292 507 1351 finitimis
524 1304 682 1371 gesserunt.
726 1297 866 1355 Hortante
880 1293 984 1351 deinde
999 1312 1108 1352 succes·

118 1376 162 1445 su,
184 1375 284 1434 divisis
304 1373 477 1450 agminibus
498 1373 550 1433 alii
571 1372 719 1443 Greciam,
742 1372 793 1431 alii
816 1372 1022 1432 Macedoniam
1043 1371 1108 1451 peti·

117 1469 193 1513 rere.
237 1454 407 1529 'Pontusque
419 1464 511 1511 terror
526 1451 635 1511 Gallici
657 1452 783 1511 nominis
804 1452 863 1521 suit,
877 1462 908 1509 ut
922 1452 1010 1510 etiam
1026 1470 1108 1529 reges

117 1550 177 1590 non
191 1531 315 1591 lacessiti
336 1531 411 1590 ultro
424 1552 527 1609 pacem
544 1532 654 1609 ingenti
669 1532 791 1609 pecunia
812 1543 1018 1591 mercarentur.
1061 1532 1108 1589 So
1145 1540 1146 1551 ²

8 1636 11 1639 ⁴
117 1609 165 1669 lus
186 1630 238 1669 rex
259 1609 448 1669 Macedoniae
469 1611 654 1670 Ptolemaeus
674 1610 828 1669 adventum
850 1610 1008 1669 Gallorum
1026 1610 1110 1668 intre·

117 1689 203 1769 pidus
217 1688 333 1759 audivit,
349 1689 453 1767 hisque
466 1709 534 1748 cum
548 1689 649 1766 paucis
663 1701 690 1747 ct
703 1690 906 1767 incompositis,
921 1688 1005 1766 quasi
1021 1688 1110 1767 parri·

118 1767 262 1829 cidiomm
282 1768 365 1828 furiis
385 1769 517 1846 agitatus,
537 1770 669 1828 occurrit.
713 1769 829 1827 Proelio
843 1768 999 1827 commisso
1016 1768 1112 1827 Mace·

119 1846 209 1907 dones
222 1849 386 1907 caeduntur.
430 1847 615 1907 Ptolemaeus
632 1846 730 1906 multis
744 1847 912 1907 vulneribus
934 1846 1054 1905 saucius
1069 1868 1112 1905 ca-

118 1926 208 2005 pitur;
229 1939 315 2006 caput
335 1927 398 2003 ejus
418 1939 597 2003 amputatum
618 1937 645 1984 et
665 1928 765 1986 lancea
786 1924 1110 1985 fixunreircumfertur.

120 2008 236 2066 Paucos
249 2026 286 2065 ex
300 2004 509 2067 Macedonibus
522 2006 593 2084 fuga
606 2006 746 2065 servavit:
768 2005 873 2065 caeteri
893 2016 943 2064 aut
963 2005 1042 2083 capti
1063 2016 1113 2063 aut

118 2085 215 2145 occisi.
500 2100 504 2105 ·
890 2090 892 2097 ’

123 2245 174 2319 52,
198 2258 285 2329 Galli
298 2258 417 2317 Brenno
426 2225 497 2317 duce
512 2256 638 2333 Delpbos
648 2266 758 2335 petunt.
796 2256 911 2339 (lustin.
923 2256 1047 2317 XXIV.
1064 2256 1106 2332 6.)
1145 2292 1146 2345 3

134 2394 137 2400 ’
160 2396 268 2459 Paullo
280 2407 343 2477 post
357 2398 502 2466 Brennus,
513 2418 569 2475 quo
584 2397 657 2458 duce
669 2398 761 2476 portio
777 2398 931 2458 Gallorum
947 2397 976 2455 in
993 2395 1116 2456 Graeci-

119 2492 169 2537 am
180 2497 214 2537 se
227 2476 373 2546 effirderat,
395 2496 462 2536 curn
485 2489 601 2536 centum
621 2488 647 2535 et
660 2478 869 2555 quinquaginta
890 2476 1024 2550 millibus
1039 2476 1117 2555 pedi·

119 2569 182 2617 tum
195 2568 222 2616 et
234 2555 401 2633 quindecim
419 2554 549 2615 millibus
562 2556 691 2633 equitum
705 2557 734 2615 in
751 2556 954 2616 Macedoniam
968 2557 1115 2633 irrumpit.
1145 2550 1146 2627 l

122 2637 208 2696 Victo
217 2636 350 2705 exercitu,
364 2634 450 2694 totius
463 2636 593 2711 regionis
605 2656 693 2712 agros
707 2634 903 2715 depraedatur.
948 2636 1032 2694 Turn
1048 2636 1118 2694 Del·
1145 2628 1146 2643 ¹

120 2716 195 2794 phoa
208 2716 267 2775 ite'r'
275 2715 357 2774 vertit
370 2712 408 2773 ad
421 2713 570 2791 Apollinis
584 2714 724 2793 templum
737 2714 928 2794 spoliandum.
962 2716 1038 2775 'Hoc
1047 2726 1120 2773 teur
1145 2724 1146 2789 l

120 2794 204 2875 plum
217 2794 341 2873 positum
355 2792 441 2853 estin
454 2804 551 2868 monte
565 2794 760 2862 Parnassum
774 2814 846 2872 rupe
860 2792 990 2870 undique
1006 2792 1120 2871 impen·
1145 2800 1146 2859 l

121 2872 212 2941 dente,
233 2874 318 2949 cujus
344 2871 525 2951 praecipitiis,
553 2882 584 2932 ut
610 2872 736 2931 naturali
762 2872 913 2951 praesidio,
942 2872 1120 2932 defenditur.
1145 2860 1146 2923 l

121 2951 217 3011 Multa
229 2952 270 3009 ibi
283 2962 310 3010 et
324 2950 459 3027 opulenta
471 2970 578 3028 regum
590 2952 821 3031 populorumque
833 2952 968 3011 visuntur
981 2970 1122 3019 munera,
1145 2932 1146 2979 l

121 3048 179 3107 qua
214 3050 253 3088 ae
261 3030 475 3107 magnificentia
489 3041 582 3089 suaet
597 3042 709 3108 gratam
723 3030 876 3091 hominum
889 3030 1085 3098 voluntatem,
1095 3042 1122 3089 et

152 3108 201 3187 pol
213 3110 271 3167 inis
283 3109 465 3169 veracitatem
482 3109 669 3170 manifestant

155 3254 214 3341 33.
233 3273 313 3341 'Orant
326 3281 445 3371 ingrati
458 3284 542 3342 clade
555 3282 742 3359 repelluntur.
785 3283 867 3371 (Just.
883 3280 1005 3361 XXlV.
1027 3282 1072 3361 7.)

162 3414 300 3476 Brennus
313 3434 405 3491 quum
418 3414 449 3473 in
462 3426 616 3493 conspectu
626 3414 742 3475 haberet
754 3413 902 3493 templum,
916 3413 955 3473 ad
967 3414 1123 3475 acuendos

120 3510 244 3551 auorum
261 3490 381 3562 animos,
402 3492 525 3569 praedae
544 3494 701 3553 ubertatem
721 3494 859 3553 militibus
873 3492 1053 3562 ostendebat,
1071 3506 1124 3555 sta·

115 3578 245 3650 >tuusque
257 3590 325 3629 curn
334 3570 493 3647 quadrigis,
515 3590 639 3648 quarum
659 3574 765 3649 ingens
784 3574 868 3651 copia
887 3572 991 3650 procul
1007 3574 1125 3633 viseba-
1145 3630 1146 3633 ,

123 3656 178 3732 tur,
200 3646 291 3706 solido
311 3666 384 3707 auro
404 3649 482 3707 naas
502 3668 570 3720 esse,
587 3651 754 3711 affirmabat.
806 3654 876 3715 Qua
900 3654 1126 3713 asseveratione
1145 3686 1146 3693 ,

122 3723 234 3782 ncimti
244 3726 334 3795 Galli,
342 3726 432 3785 simul
445 3737 472 3785 et
484 3746 566 3788 mero
574 3726 756 3799 saucfflsino
768 3742 899 3811 respectu
915 3730 1128 3811 periculorum
