2300 4059
421 100 626 157 isernoros
641 114 815 160 rrrrrrmrre

122 270 192 311 nom
205 270 263 311 noa
273 253 366 328 solaro
378 252 547 330 defenderit,
559 256 756 315 ommatium
770 254 894 331 oooemt.
942 254 1075 323 Quorum
1086 258 1108 319 a·

123 332 190 391 illos
200 332 354 407 poeniteat,
373 334 510 407 deponere
531 352 559 390 se
576 334 727 409 imperinm
746 344 774 393 et
795 336 913 393 reddere
928 336 1001 395 titis
1015 354 1108 393 narso

122 430 225 478 moror
247 412 305 486 ipsi
318 432 416 487 rogem
429 421 579 487 quoerant,
603 415 650 472 coi
667 415 813 488 imperent.
867 414 974 475 Quum
987 413 1107 491 populus

123 488 234 567 pudore
246 501 341 548 motus
354 490 482 567 recipere
495 507 564 548 eum
576 509 705 567 regnum¹
710 493 829 571 juberet,
839 492 1108 561 tamdiurecusarit,
1146 544 1147 561 ,

123 567 218 645 quoad
230 568 377 628 seditionis
390 580 521 635 auctores
534 570 677 647 supplicio
689 570 874 631 traderentur.

130 707 190 785 ¹60.
211 726 376 805 Spartam
388 726 668 867 mperat'xpgiff?
676 724 716 886 ἐς
726 692 812 789 molis
824 708 938 789 virtus
969 729 1085 811 (rasin

165 964 236 1024 Post
248 962 320 1023 haec
332 962 442 1025 bellum
457 964 605 1041 Spartanis
619 964 710 1034 infert,
725 964 776 1042 qui
798 963 853 1023 soli
866 963 963 1023 adhue
977 964 1110 1025 Masada

123 1062 196 1103 num
205 1063 287 1102 arma
296 1044 519 1102 contemnebant.
551 1042 710 1103 Interduas
720 1044 914 1104 nobilissimas
924 1055 1028 1121 gentes
1038 1064 1110 1103 sum

122 1122 179 1181 mis
201 1122 310 1181 viribus
330 1123 529 1201 pugnabatu15
555 1142 647 1199 quum
675 1123 707 1181 hi
727 1143 779 1202 pre
799 1136 893 1181 vetere
914 1122 1110 1183 Macedonum

123 1198 225 1279 gloria,
235 1200 280 1259 illi
293 1221 352 1261 non
365 1200 461 1261 solum
475 1220 527 1278 pro
535 1201 645 1261 utibata
653 1201 791 1272 libertate,
799 1202 849 1273 sed
862 1202 948 1261 etiam
957 1222 1013 1279 pro
1022 1201 1110 1261 salute

123 1290 269 1340 certarent.
312 1280 390 1340 Victi
411 1279 641 1340 Iracedaernonii¹
661 1300 719 1341 non
740 1281 796 1359 ipsi
815 1292 943 1349 tantum,
956 1280 1010 1339 sed
1028 1282 1110 1339 etiarn
1146 1330 1147 1357 ,

123 1362 262 1438 conjuges
283 1359 424 1437 hberique
453 1378 560 1437 magno
590 1360 687 1419 animo
707 1360 849 1419 fortunam
869 1359 969 1417 tulere.
1016 1360 1109 1419 Nemo

123 1435 230 1517 quippe
244 1438 275 1497 in
288 1439 351 1498 acie
364 1437 613 1518 salutilpepercit5
643 1438 726 1497 nulla
739 1439 878 1497 amissum
892 1438 1053 1515 conjugem
1067 1439 1109 1497 fle
1146 1444 1147 1475 ³

123 1516 180 1594 vit,
202 1516 330 1576 filiorum
340 1529 462 1577 mortem
476 1537 559 1576 senes
577 1516 748 1595 laudabant;
769 1518 895 1597 patribus
905 1518 937 1577 in
946 1517 1013 1576 acie
1021 1517 1108 1577 caesis

123 1592 178 1655 filii
191 1596 426 1673 gratulabanturr
448 1616 533 1655 suam
546 1596 639 1655 vicem
654 1618 753 1657 omnes
767 1596 904 1666 dolebant,
920 1596 1000 1673 quod
1014 1616 1072 1655 non
1086 1608 1110 1654 et
1146 1630 1147 1697 p

123 1675 180 1756 ipsi
188 1694 240 1753 pro
251 1676 358 1753 patriae
366 1676 679 1736 libertatececidissent.
723 1679 799 1737 Inter
808 1675 879 1735 haec
890 1673 992 1733 nullus
1001 1676 1033 1733 in
1041 1674 1111 1733 urbe
1146 1706 1147 1749 ,

123 1754 266 1833 strepitus,
287 1753 370 1816 nulla
382 1754 546 1832 trepidatio:
568 1757 663 1833 magis
677 1776 777 1815 omnes
791 1754 937 1833 publicam
950 1773 1041 1831 quam
1058 1754 1112 1832 pri-
1146 1752 1147 1785 ³

123 1845 218 1893 ratem
232 1834 376 1894 fortunam
388 1834 533 1910 lugebant
577 1835 655 1893 Inter
677 1834 748 1894 haec
771 1835 945 1894 Cleomenes
967 1852 1029 1902 rex,
1050 1844 1112 1911 post

123 1913 233 1975 multas
243 1912 369 1973 hostiurn
379 1912 489 1981 caedes,
497 1924 553 1972 toto
561 1933 682 1992 corpore
695 1934 748 1973 suo
758 1914 863 1991 pariter
873 1923 901 1971 et
909 1911 1039 1971 hostium
1048 1932 1112 1971 crn-

123 2013 174 2053 ore
182 1992 309 2061 madens,
320 1992 485 2071 supervenit
495 2012 506 2069 ;1
516 1994 724 2071 ingressusque
733 1994 835 2052 urbem
847 2012 907 2051 non
917 1990 1001 2049 humi
1015 2010 1113 2051 conse

123 2071 171 2142 dit,
185 2093 243 2138 non
257 2072 354 2132 cibum
367 2082 417 2131 aut
426 2082 524 2149 potum
538 2074 673 2151 poposcit,
696 2092 755 2131 non
772 2091 920 2131 armorum
938 2090 1015 2129 onus
1030 2069 1114 2148 depo

123 2151 187 2221 suit,
210 2151 262 2211 sed
275 2150 394 2212 acclinis
408 2151 517 2229 parieti,
531 2170 622 2228 quum
640 2162 761 2229 quatum
773 2150 866 2211 millia
885 2150 949 2209 sola
962 2169 1000 2209 ex
1013 2169 1114 2227 pugna

123 2230 300 2320 superfuisse
326 2230 529 2309 conspexisset,
550 2230 687 2298 hortatur,
709 2242 740 2289 ut
754 2230 835 2289 seed
849 2228 971 2287 meliora
983 2240 1113 2306 tempora

123 2307 299 2387 reipublicae
309 2319 495 2368 reservarent.
532 2310 611 2369 Tum
622 2330 689 2368 cum
703 2309 828 2387 conjuge
841 2320 868 2367 et
880 2307 981 2367 liberis
994 2310 1113 2386 Aegyp
1146 2330 1147 2401 p

122 2397 184 2448 tum
194 2388 235 2456 ¹etl
249 2387 460 2447 Ptolemaeum³
473 2386 700 2465 proficiscitur,a
733 2410 770 2448 no
779 2388 939 2448 honorifice
953 2398 1113 2465 susceptus,
1146 2408 1147 2437 r

122 2464 173 2524 diu
195 2468 227 2526 in
248 2485 363 2524 summa
380 2466 550 2543 dignatione
573 2466 650 2525 vixit.
721 2479 845 2527 ostremo
863 2476 926 2545 post
950 2465 1114 2526 Ptolemaei
1146 2478 1147 2487 ¹

121 2544 339 2605 mortemafilio
353 2545 425 2623 ejus⁴
438 2566 507 2607 curn
517 2546 597 2604 omni
607 2546 716 2607 familia
725 2546 900 2606 interficitur.
943 2544 1114 2621 Antigonus
1146 2563 1147 2630 p

121 2635 218 2683 autem
231 2625 375 2684 fortunam
396 2634 488 2683 tantae
510 2625 591 2685 urbis
614 2626 766 2685 miseratus
787 2646 804 2685 a
827 2624 986 2703 direptione
1006 2624 1115 2683 milites
1146 2632 1147 2665 l

122 2703 461 2781 prohibuit-veniamque
474 2704 528 2773 his,
543 2706 594 2781 qui
608 2704 819 2783 superbierunt,
832 2703 913 2764 dedit.
959 2704 1029 2763 Nec
1042 2706 1116 2762 mul·

121 2793 149 2842 to
163 2794 225 2861 post
234 2784 296 2861 ipse
310 2780 436 2851 decessit
456 2800 639 2863 regnumque
654 2782 791 2863 Philippo
805 2782 924 2863 pupillo,
938 2802 1034 2843 annos
1047 2801 1117 2861 qua·

121 2862 282 2922 tuordecim
295 2874 369 2933 nato,
382 2862 504 2923 tradidit.
1019 2868 1024 2872 '

352 2997 370 3017 Ν
452 2996 454 3000 .
501 2987 506 2993 -
567 2998 572 3003 .
767 2976 779 3005 e

176 3023 222 3079 ot.
246 3020 347 3081 Multo
357 3022 482 3098 imperio
495 3042 687 3099 noooregoor
702 3022 874 3083 successione
889 3030 1056 3081 metantur.

306 3108 309 3113 '
435 3092 708 3183 ,lsustimXXIX
728 3102 766 3179 l.)

164 3256 271 3319 Iisdem
284 3258 373 3317 fenne
386 3258 564 3336 temporibus
571 3278 662 3337 prope
671 3260 801 3320 universi
814 3259 892 3319 orbis
898 3258 1029 3337 imperia
1041 3278 1117 3318 nova

123 3356 228 3415 regum
240 3338 424 3397 stracessione
436 3349 545 3411 mutata
555 3352 630 3399 sunt
674 3341 752 3399 Nam
768 3338 839 3397 etin
853 3338 1033 3398 Macedonia
1047 3337 1117 3398 Phi·

122 3416 226 3495 lippus,
241 3427 354 3475 mortuo
369 3417 526 3493 Antigono,
541 3438 668 3494 regnum
681 3418 823 3496 suscepit,
845 3429 871 3477 et
885 3418 917 3476 in
931 3417 1017 3487 Asia,
1033 3418 1117 3477 inter·

122 3495 195 3556 fecto
209 3494 349 3563 Seleuco,⁵
370 3495 505 3573 impubes
516 3497 611 3556 adhuc
621 3518 677 3556 rex
691 3496 864 3561 Antiochus⁶
873 3498 1053 3557 constitutus
1068 3506 1115 3557 est

123 3573 302 3650 Aegyptam,
330 3584 410 3649 patre
437 3594 471 3631 ac
491 3588 583 3633 matre
604 3575 765 3645 interfectis,
796 3586 988 3655 occupaverat
1024 3574 1118 3644 Ptole·

123 3666 232 3717 maeres,
252 3650 302 3709 cui
322 3653 359 3710 er
379 3651 502 3712 crimine
515 3654 651 3714 facinoris
667 3674 830 3733 cognomen
844 3656 1038 3732 Plrilopo'tor'
1056 3654 1118 3714 fuit

7 3760 40 3817 *a
123 3723 223 3785 Etiam
236 3728 370 3805 Spartani
383 3730 419 3789 in'
428 3729 526 3789 lorum
540 3732 707 3796 Cleomenis
721 3735 862 3797 suffecere
877 3736 1072 3815 Lycurgum
1094 3742 1121 3797 d
