2300 4059
123 159 126 165 ,
222 118 453 185 paruulorum
468 111 624 166 Quasnam
640 112 732 158 unu
745 116 896 159 cananis.
996 100 1048 161 10¹

73 254 138 315 bunt
148 254 236 332 ipsius
248 253 413 325 familiares,
434 263 462 313 et
474 252 620 313 ebriosmn
633 263 660 313 et
678 252 867 312 mulierosum
881 253 983 313 firisse:
1005 274 1054 315 ne·
1135 292 1136 301 κ

73 351 126 410 que
137 333 187 393 hoc
200 334 327 392 scribunt
346 334 546 409 vituperantes,
567 330 618 389 scd
637 332 732 408 potius
746 331 782 389 ad
798 332 920 391 laudem.
964 332 1054 393 Vitio·
1135 380 1136 387 ,

75 411 220 469 samenim
238 422 371 470 naturam
391 412 427 470 ab
447 431 481 469 eo
502 411 543 469 sic
564 409 719 469 edomitam
739 421 766 469 et
784 428 980 487 compressam
991 430 1054 473 esse

74 490 200 558 doctrina,
214 500 246 551 ut
258 509 343 549 nemo
356 487 486 566 unquam
505 487 685 547 vinolentum
705 487 796 558 illum,
817 509 902 547 nemo
923 490 954 547 in
975 510 1008 549 eo
1023 490 1055 550 li·

72 567 170 627 bidinis
190 568 346 644 vestigium
366 568 475 629 viderit.
520 567 621 629 Quidl
643 570 795 637 Socsatem,
809 588 905 627 noune
919 566 1054 645 legimus,
1135 626 1136 641 ,

72 645 307 723 quemadmodum
325 648 429 705 notarit
451 647 596 725 Zopyrus,
615 644 858 724 physiogudmon,
880 646 930 723 qui
949 666 980 705 se
994 666 1056 725 pro-
1135 696 1136 699 ,

71 724 195 784 fitebatur
208 725 360 785 hominum
372 744 467 784 mores
481 735 656 803 naturasque
674 744 710 782 cx
724 744 850 802 corpore,
874 726 974 795 oculis),
995 724 1057 784 vul-

70 812 109 873 tu,
122 803 410 880 frontepernoscerel
452 803 604 880 Stupidurn
619 822 681 862 esse
695 806 840 863 Socratem
858 803 928 861 dixit
949 815 976 863 et
993 804 1056 863 bar·
1135 830 1136 841 ἢ

71 880 144 949 dum,
158 881 233 971 quod
242 881 348 958 jugula
361 902 486 942 concava
503 900 562 939 non
575 882 706 959 haberet;
728 881 833 942 addidit
847 882 941 950 etiam,
955 881 1058 942 mulie·

71 978 178 1018 rosum:
201 980 298 1037 mquo
312 960 478 1022 Alcibiades
491 960 665 1019 cachinnum
677 960 779 1019 dicitur
787 960 943 1019 sustulisse.
973 962 1057 1021 Haec
1135 994 1136 1001 κ

71 1058 107 1097 ex
119 1038 293 1097 naturalibus
314 1040 409 1097 causis
423 1039 491 1097 vitia
503 1039 584 1097 nasci
597 1049 728 1115 possunt:
751 1040 901 1116 exstirpari
922 1050 1015 1098 autem
1031 1050 1058 1097 et
1135 1052 1136 1115 J

70 1116 194 1175 funditus
207 1116 277 1187 tolli,
292 1129 323 1175 ut
337 1118 362 1175 is
376 1118 444 1195 ipsa,
456 1117 506 1195 qui
519 1116 555 1175 ad
569 1138 604 1175 ea
618 1134 777 1196 propensus
790 1118 881 1188 fuerit,
896 1138 913 1175 a
926 1118 1011 1179 tantis
1019 1120 1058 1177 vi·

69 1195 117 1253 tiis
130 1206 269 1265 avocetur,
293 1216 352 1254 non
372 1196 455 1254 estid
470 1195 594 1273 positum
608 1196 638 1253 in
652 1196 830 1255 naturalibus
844 1198 947 1268 causis
964 1194 1058 1257 sedin

70 1272 217 1343 voluntate,
231 1274 332 1343 studio,
346 1274 506 1353 disciplina.
549 1276 624 1355 (Fut.
641 1277 681 1354 5.)

98 1496 101 1501 ,
121 1431 172 1491 VI.
195 1430 307 1491 Labore
319 1440 346 1492 et
358 1434 453 1493 studio
466 1442 641 1509 superentur
654 1398 862 1524 impedimenta
872 1442 1002 1493 noturus.

112 1588 215 1648 Orator
227 1589 340 1649 futurus
353 1590 479 1652 imitetur
492 1588 585 1661 illum,
595 1590 643 1648 cui
657 1590 720 1650 sine
733 1589 820 1650 dubio
834 1608 949 1649 summa
962 1590 1005 1649 vis
1020 1590 1060 1649 di·

66 1666 153 1742 cendi
164 1669 336 1738 conceditur,
358 1668 567 1731 Atheniensem
581 1669 814 1739 Barnosthenem,
836 1671 867 1727 in
880 1689 936 1746 quo
949 1679 1060 1728 tanturn

66 1744 195 1804 studium
207 1747 297 1806 fuisse
304 1758 456 1823 tantusque
465 1747 547 1806 labor
556 1748 667 1816 dicitur,
676 1757 707 1805 ut
720 1750 847 1825 primurn
857 1746 1061 1825 impedimenta

65 1835 187 1885 naturae
201 1824 349 1902 diligentia
362 1825 558 1903 industriaque
568 1825 725 1905 superarit;
747 1844 894 1903 quumque
907 1826 945 1884 ita
958 1824 1060 1885 balbus

65 1913 150 1973 esset,
170 1914 201 1961 ut
214 1904 276 1979 ejus
293 1905 385 1981 ipsius
406 1905 481 1973 artis,
505 1904 554 1963 cui
575 1904 707 1973 studeret,
729 1905 853 1981 primam
867 1904 988 1963 litteram
1002 1924 1061 1963 non

64 1991 163 2060 posset
176 1982 278 2050 dicere,
300 1983 417 2059 perfecit
436 1982 606 2053 meditando,
621 1995 652 2041 ut
665 2003 749 2041 nemo
771 1982 886 2059 planius
900 2004 934 2041 eo
948 1982 1061 2041 locutus

63 2069 228 2138 putaretur:
250 2060 353 2121 deinde
370 2080 460 2137 quum
482 2062 600 2138 spiritus
620 2062 681 2137 ejus
695 2070 768 2119 esset
782 2060 938 2137 angustior,
951 2071 1062 2121 tantum

63 2138 240 2197 continenda
252 2138 350 2197 anima
372 2140 403 2197 in
417 2140 536 2199 dicendo
550 2150 592 2199 est
612 2150 767 2209 assecutus
782 2149 813 2197 ut
835 2158 894 2197 una
916 2140 1062 2199 continua·

63 2216 145 2306 tione
158 2218 311 2276 verborum
325 2217 369 2299 (id
381 2217 458 2295 quod
470 2219 532 2293 ejus
553 2218 658 2295 scripta
679 2216 836 2296 declarant)
858 2218 942 2275 binae
956 2217 983 2276 ei
997 2236 1062 2276 con-

61 2304 207 2353 tentiones
227 2296 306 2355 vocis
327 2307 353 2354 et
373 2296 557 2355 remissiones
586 2295 809 2355 continerentur:
840 2296 890 2371 qui
918 2296 1009 2364 etiam,
1031 2306 1062 2354 ut

61 2373 226 2432 memoriae
259 2372 383 2432 roditum
396 2384 445 2442 est,
466 2374 600 2451 conjectis
621 2375 652 2431 in
670 2392 702 2432 os
716 2373 843 2441 calculis,
865 2394 978 2433 summa
992 2394 1063 2434 voce

60 2470 171 2512 versus
183 2394 290 2512 mullos
302 2472 361 2511 uno
375 2453 478 2529 spiritu
491 2452 677 2530 pronuntiare
696 2452 905 2521 consuescebat,
925 2473 1020 2529 neque
1033 2452 1063 2511 id

60 2528 228 2595 consistens
240 2530 272 2587 in
285 2531 356 2601 loco,
374 2530 425 2590 sed
439 2529 629 2609 inambulans,
643 2540 728 2609 atque
741 2530 883 2591 adscensu
896 2531 1062 2609 ingrediens

58 2607 170 2668 arduo.
212 2609 476 2687 (Demaeneti.)

274 2764 345 2836 VII.
368 2766 546 2842 Exemplum
560 2774 703 2842 spectatae
718 2760 873 2825 amicitias.

107 2921 277 2980 Damonem
290 2932 317 2980 et
331 2922 475 3001 Pythiam,
486 2923 694 3002 Pythagoreos,
709 2921 802 2981 ferunt
816 2920 871 2981 hoc
884 2922 981 2981 animo
990 2922 1064 2987 inter

54 3018 95 3058 se
109 2998 212 3070 finisse,
233 3010 270 3068 ut,
285 3019 376 3076 quum
389 3020 491 3061 eorum
503 3000 585 3060 alteri
602 3000 762 3077 Dionysius
775 3011 913 3078 tyrannus
927 3000 1004 3061 diem
1016 3020 1065 3061 ne·

53 3077 106 3137 cis
131 3077 339 3148 destinavisset,
360 3089 387 3138 et
407 3079 441 3148 is,
462 3078 512 3155 qui
533 3080 617 3139 morti
636 3077 765 3137 addictus
779 3088 860 3146 esset,
881 3099 988 3155 paucos
1009 3078 1064 3139 sibi

54 3156 129 3214 dies
143 3156 440 3217 commendandorum
453 3178 574 3218 snorum
587 3176 675 3217 causa
689 3156 895 3234 postulavisset,
909 3177 960 3216 vas
973 3158 1064 3217 factus

51 3233 99 3292 sit
113 3231 193 3294 alter
206 3236 268 3313 ejus
281 3236 415 3314 sistendi3
437 3246 475 3306 ut,
496 3237 521 3295 si
542 3235 592 3295 ille
612 3256 671 3295 non
692 3236 860 3305 revertisset,
881 3234 1065 3295 moriendum

52 3321 142 3371 esset
157 3312 222 3390 ipsi.
266 3315 328 3375 Qui
341 3334 432 3391 quum
444 3314 482 3374 ad
495 3315 572 3374 diem
586 3334 618 3374 se
631 3316 783 3392 recepisset
796 3312 952 3373 admiratus
963 3329 1065 3373 eorum

50 3389 157 3449 fidem
178 3402 321 3470 tyrannus
350 3392 455 3471 petivit,
472 3404 505 3453 ut
525 3413 557 3453 se
576 3392 614 3455 ad
633 3391 789 3453 amicitiam
808 3390 924 3453 tertium
943 3391 1065 3464 ascribe·

16 3506 19 3511 ·
50 3478 138 3533 rent.
186 3470 283 3563 (Qffic.
300 3473 357 3538 IIL
376 3475 433 3553 10.)
1043 3512 1045 3519 ›

114 3598 134 3622 l
