2300 4059
5 58 9 117 ἶ
96 76 136 139 tt
418 75 454 138 V.
478 96 591 140 rossa
613 94 762 140 nrsroar.

93 250 194 310 omncs
202 234 331 293 adversis
341 234 515 293 ruluerrbns¹
529 246 557 292 et
567 236 644 295 truci
651 236 734 296 vulta
747 236 833 295 etiam
839 242 967 295 aarum
975 232 1079 312 jeser·

93 310 208 381 rideret,
223 312 324 371 tulisse
336 310 373 371 ad
387 313 501 373 coelum
509 332 614 372 manus
627 313 738 382 dicitur,
751 332 820 373 cum
833 314 888 373 bac
900 333 986 373 roca:
1000 315 1079 391 Ego

94 410 156 450 cum
171 394 278 453 taliter
291 392 365 453 viris
380 392 468 451 draci²
480 394 572 451 orden
587 402 733 452 terrosum
746 394 914 469 subigerent.

128 472 152 529 7.
176 470 281 529 Postea
290 469 426 548 Pyrrhus
434 470 704 547 Romamperrexity
731 474 830 531 omnia
850 470 926 529 ferro
945 472 1078 548 igneque

95 554 227 624 vastavit;
244 549 445 626 Campaniam³
457 548 1015 627 depopulaturostatqueadPraenesttr¹
1028 570 1078 609 va·
1144 567 1146 578 ’

94 625 143 693 nit,
156 626 293 685 milliario
306 626 345 687 ab
357 626 439 685 Urbe
451 639 550 686 octavo
563 626 681 685 decimo.
723 628 797 687 Mox
804 638 913 687 terrore
921 626 1078 696 exercitus,

93 706 534 781 quicumconaulesequebatur,
544 704 576 763 in
587 705 938 783 Campaniamserecepit
960 706 1077 782 legati,

91 778 130 838 act
139 783 289 861 Pyrrhum
299 782 334 841 de
343 784 461 861 captivis
475 783 746 853 redimendisnissi,
756 784 958 844 honorifioeab
965 803 1001 841 eo
1010 803 1078 843 sus·
1142 839 1145 844 ⁴

93 860 166 937 eapti
184 874 265 939 sunt;
287 862 413 939 captivos
433 862 495 920 sine
515 862 606 938 pretio
625 861 753 921 reddidit.
795 862 899 921 Unum
910 882 948 921 ex
960 860 1075 939 legatis.

93 939 328 1011 Fabricium-sic
341 940 498 999 admiratus
511 950 559 1007 est,
574 953 605 997 ut
618 940 646 999 ei
659 952 790 1019 quartam
805 951 916 1017 partem
928 940 1013 1016 regni
1026 943 1078 1001 sui

92 1020 272 1097 promitteret,
286 1019 312 1079 si
325 1018 362 1077 ad
375 1037 407 1077 se
419 1018 565 1094 transiret3
587 1018 639 1076 sed
650 1039 669 1076 a
682 1019 818 1079 Fabricio
830 1029 989 1080 contemtus
1000 1030 1051 1078 est

133 1100 158 1155 8.
183 1098 284 1158 Quum
298 1096 361 1172 jam
382 1096 516 1175 Pyrrhus
536 1096 648 1173 ingenti
668 1098 869 1157 Romanorum
884 1095 1078 1176 admiratione

92 1186 242 1244 teneretur,
257 1174 386 1253 legatum
394 1174 473 1235 misit
482 1176 612 1244 Cineam,
620 1174 897 1251 praestantissimum
903 1173 1077 1267 virumsqtri

57 1266 64 1275 ‘
92 1258 319 1332 pacempeteret,
333 1272 368 1313 ea
380 1252 548 1322 conditione,
569 1264 601 1311 ut
622 1252 757 1333 Pyrrhus
770 1273 835 1313 earn
847 1263 958 1331 partem
972 1251 1077 1313 Italiae

92 1351 180 1410 quam
199 1335 288 1395 annis
308 1343 511 1410 occupaverat,
524 1332 668 1398 obtineret.
709 1333 837 1392 Romani
857 1330 1075 1409 responderunt,

92 1431 162 1471 aum
171 1432 240 1471 oum
253 1412 394 1471 Romanis
408 1430 508 1489 pacem
522 1411 629 1469 habere
640 1431 699 1470 non
712 1428 802 1488 possa,
816 1410 924 1471 nisiex
937 1410 1077 1471 ltaliare·

92 1490 232 1551 cesshset.
275 1490 382 1549 Cineas
394 1510 485 1567 quum
505 1490 642 1559 rediisset,
657 1489 780 1567 Pyrrho,
794 1508 864 1549 eum
875 1490 1077 1565 interroganti,

91 1570 190 1705 pondis
203 1572 262 1645 ipsi
275 1570 444 1629 Βοννιιιήνα
458 1578 548 1637 arsen·
562 1568 714 1645 respondit,
728 1589 756 1628 sa
769 1588 874 1644 raguta
884 1567 1017 1643 patriota
1030 1571 1076 1631 vi·

111 1666 172 1709 asse.

130 1728 157 1783 9.
181 1724 1077 1804 InalteroproeliorumregeEpiric'omrnisso,⁵Pyrrhusvul·

91 1814 207 1863 aeratus
221 1816 269 1876 est,
283 1804 428 1883 elephanti
449 1806 595 1874 interfecti,
607 1805 710 1881 viginti
730 1805 824 1865 millia
843 1803 969 1864 hostium
985 1822 1076 1863 caesa

91 1894 165 1941 sunt.
208 1883 342 1963 Pyrrhus
362 1886 522 1945 Tarentum
534 1884 613 1960 fugit
657 1884 805 1960 Interiecto
817 1902 896 1943 anuo
916 1881 1074 1941 Fabricius

90 1973 189 2021 contra
202 1983 269 2023 euru
282 1964 389 2024 missus
399 1974 448 2021 est.
489 1962 538 2025 Ad
547 1960 765 2024 hunamedicus
775 1961 885 2039 Pyrrhi
893 1971 975 2020 nocte
984 1962 1075 2028 venit,

90 2042 262 2117 promittens,
277 2061 308 2103 se
323 2042 473 2121 Pyrrhum
486 2060 597 2101 renouo
611 2041 783 2108 occisurum,
795 2041 822 2100 si
834 2058 941 2099 munus
953 2038 1009 2098 sibi
1023 2038 1074 2098 da-

91 2129 175 2183 retur.
219 2122 307 2179 Hunc
321 2121 474 2181 Fabricius
487 2122 616 2179 vinctum
635 2119 735 2182 reduci
750 2119 836 2195 jussit
855 2117 891 2177 ad
910 2117 1071 2179 dominum.

91 2196 177 2257 Tunc
191 2216 249 2265 rex,
264 2218 440 2274 generosum
452 2198 506 2258 riri
520 2200 650 2259 animum
667 2197 834 2266 admiratus,
845 2195 953 2257 dixisse
964 2196 1072 2275 fcrtur;

91 2275 147 2335 Ille
157 2285 196 2333 ert
206 2277 369 2345 Fabricios,
383 2278 433 2353 qui
446 2278 794 2351 difficiliusoddortestate,
809 2277 973 2351 marola
983 2295 1075 2336 cum

182 2374 231 2413 sato
240 2354 438 2433 ubartipotast.
481 2355 646 2433 Paulopost
655 2354 796 2434 Pyrrhus,
804 2354 886 2416 tertio
894 2356 1074 2429 atiamproe·

90 2411 123 2463 A·
134 2410 167 2461 γ’
183 2431 223 2491 lio
236 2433 326 2503 fusus,
340 2454 358 2493 a
372 2436 500 2495 Tarento
519 2434 643 2503 recessit,
657 2446 691 2503 et
705 2453 796 2511 quum
808 2433 840 2491 iu
854 2431 1011 2491 Graeciam
1027 2452 1075 2492 re·

103 2474 157 2524 481.
182 2511 287 2580 diisset,
301 2512 378 2590 apud
392 2516 498 2605 Argos,
514 2513 707 2603 Peloponnesi
722 2512 829 2601 urbem,
843 2510 1005 2570 interfectus
1018 2523 1072 2575 cst„

90 2636 166 2763 p
182 2590 869 2746 ,tturulttrrrtmutmlr
877 2590 1075 2729 utu

153 2750 157 2759 '
179 2748 322 2824 jecerunt,
339 2768 495 2826 regamque
518 2752 728 2827 Syracusarum
751 2747 922 2815 Hieronem,
945 2748 1074 2807 Poenos-

182 2846 245 2903 que,
259 2828 310 2904 qui
322 2828 428 2889 multas
443 2828 570 2888 civitates
583 2828 614 2885 iu
628 2847 662 2885 ea
675 2825 771 2887 insula
786 2837 1003 2903 occupaverant,
1024 2845 1074 2885 su-

89 2882 168 2996 {9}
182 2918 362 2981 paraverunt,
404 2906 514 2969 Quinto
522 2925 598 2965 anno
611 2904 700 2981 hujus
711 2903 786 2973 belli,
800 2904 878 2981 quod
884 2915 983 2964 contra
997 2905 1074 2964 Poe-

152 2983 157 2994 '
181 3002 234 3043 nos
248 2985 408 3061 gerebatur,
423 2984 548 3062 primum
561 2985 695 3052 Romani,
711 2984 744 3043 Ο.
761 2984 873 3043 Duillio
886 2994 914 3042 et
928 2983 982 3041 Cn.
998 2984 1074 3041 Cor-

90 3062 167 3124 aelio
182 3064 276 3123 Asina
287 3062 378 3132 Coss,
389 3062 419 3121 iu
430 3062 504 3121 mari
518 3062 731 3123 dimicaverunt.
775 3061 907 3123 Duillius
916 3060 1075 3137 Carthagi·

89 3143 203 3205 aienses
226 3140 299 3209 vicit,
321 3141 439 3218 triginta
463 3160 554 3201 naves
578 3142 733 3217 occupavit,
760 3140 975 3216 quetuomecim
995 3158 1074 3198 mer·

88 3220 131 3289 sit,
155 3232 264 3298 septem
286 3220 376 3280 millia
393 3220 521 3279 hostium
536 3219 617 3295 oepit,
634 3220 690 3277 tria
710 3218 805 3280 millia
821 3218 932 3279 occidit.
974 3216 1074 3279 Nulla

90 3300 208 3359 victoria
218 3301 359 3359 Romanis
368 3298 475 3374 gratior
483 3298 545 3357 fuit.
576 3297 1072 3373 Duillioconcessumest,ut,quurn

88 3397 106 3436 a
120 3398 210 3438 coena
224 3376 334 3449 rediret,
348 3377 431 3456 pueri
445 3376 553 3436 funalia
567 3387 709 3453 gestantes
723 3386 749 3436 et
762 3378 868 3439 tibicen
878 3394 945 3435 eum
953 3376 1073 3436 comita·

88 3459 206 3517 rentur.⁶

133 3594 165 3641 v.
181 3540 270 3673 ,tt
282 3533 1073 3689 distribuereturtregru

101 3654 155 3705 Μ’
181 3693 277 3753 nauali
290 3703 457 3770 mperatum
479 3712 547 3753 uam
561 3691 678 3769 perditis
695 3690 845 3767 semgiata
856 3699 978 3767 quatuor
990 3692 1076 3752 mvi*
