2300 4059
123 92 163 153 86
271 107 396 172 »μω
409 106 429 150 s
442 106 615 150 crosnonrs
629 104 707 149 vrrs
721 106 960 152 nassamones

28 279 30 288 ‚
120 265 178 325 quc
191 247 301 316 retudit
321 258 353 307 ut
365 247 427 325 ipe
447 246 572 326 populus
585 245 645 324 legi
667 256 725 305 tarn
738 199 883 325 populari,¹
898 198 1089 329 pauperiorum

26 353 28 400 ς
119 327 223 404 magis,
234 346 320 404 quam
329 325 662 404 uniuersaereipublicae
671 325 829 395 commodis
839 327 1090 407 respondendiuni·

25 407 27 466 ἰ
118 414 162 463 ter
176 406 324 465 resisteret
566 427 570 442 ¹

124 544 167 632 lic
192 564 294 624 Cicero
307 564 419 622 detecto
428 571 456 621 ct
463 582 623 639 conpresso
633 522 784 625 Catilinae
795 528 995 643 coniuratione
1007 576 1090 623 uruat

128 646 131 652 '
506 644 718 719 rempublicam.
873 642 903 681 ·''
920 678 923 685 ,

18 833 21 851 ι
59 789 63 794 ’
160 800 193 860 L
216 783 337 877 Sergius
358 798 493 868 Catilina,
516 817 604 875 quem
625 800 699 859 inter
717 800 884 861 consulatus
901 800 1091 877 competitores

17 873 21 910 ⁵
117 876 208 940 fuisse
228 878 313 937 inodo
333 879 628 947 commemoravimus,
643 898 733 955 quum
754 898 805 957 spe
824 878 995 937 consulatus
1005 899 1092 937 conse

14 993 19 1018 r
118 956 224 1033 quendi
242 958 429 1034 sedejectum
439 958 555 1025 videret,
575 958 681 1017 obnixe
701 958 819 1017 faciebat
833 957 938 1024 omnia,
960 968 991 1015 ut
1010 958 1091 1035 proxi·

15 1021 19 1068 ,³
116 1036 175 1093 mis
188 1049 263 1103 certe
276 1037 399 1106 comitiis
413 1038 556 1104 obtineret,
569 1030 763 1113 quod'irustre
775 1036 871 1095 adhuc
884 1036 1011 1113 petierat.
1043 1036 1092 1095 Sed

14 1146 15 1190 1
118 1112 232 1183 Cicero,
252 1133 344 1192 quum
365 1115 540 1193 praeciperet
557 1106 1091 1192 animo,quantummalorumabim·

116 1209 218 1253 mensa
239 1193 381 1253 Catilinae
395 1193 513 1253 libidine
526 1190 748 1271 dominandique
761 1192 913 1272 cupiditate
926 1186 1092 1271 reipublicae

12 1327 13 1336 ,
117 1271 287 1341 immineret
307 1272 445 1331 nefandas
464 1284 539 1330 artes
557 1283 642 1349 atque
662 1273 767 1337 callida
786 1272 914 1341 consilia,
933 1272 1092 1348 quibus'ille

12 1417 13 1424 ἵ
116 1350 298 1411 consulatum
316 1351 477 1420 adfectabat,
498 1350 615 1411 eludere
634 1363 719 1428 atque
739 1352 819 1410 irrita
845 1350 966 1409 reddere
988 1350 1092 1409 studuit

12 1445 17 1454 '
118 1430 199 1489 Hinc
212 1439 290 1487 tanta
304 1432 333 1490 in
347 1431 519 1489 Ciceronem
539 1430 677 1490 accensus
707 1442 748 1489 est
768 1430 812 1489 ira
833 1428 968 1497 Catilina,
994 1440 1025 1487 ut
1044 1430 1093 1488 lere

12 1510 13 1552 ἶ
116 1508 213 1584 palam
232 1507 276 1565 illi
295 1522 419 1568 mortem
437 1510 601 1571 minaretur.
652 1509 691 1568 Et
711 1528 778 1569 vere
798 1509 859 1587 ipso
881 1508 929 1567 die
955 1507 1093 1578 comitiali,

12 1579 15 1620 ³
115 1604 202 1663 quem
222 1586 304 1646 caedi
323 1586 518 1654 destinaverat,
533 1594 744 1665 perpetraturus
766 1588 864 1647 fuisset
884 1586 959 1644 illud
981 1586 1092 1657 facinus,

115 1663 172 1727 nisi
187 1665 292 1723 Cicero
305 1685 337 1725 re
357 1678 501 1743 comperta
515 1666 569 1725 sibi
584 1666 752 1745 providisset
765 1678 791 1725 et
811 1665 978 1724 firmissimo
993 1685 1025 1724 se
1037 1685 1094 1725 cou-

112 1742 230 1822 ira'virn
244 1743 299 1803 sibi
313 1757 440 1824 paratam
455 1744 624 1803 munivisset
640 1744 789 1823 praesidio.
834 1746 933 1821 Itaque
947 1764 1039 1821 quum
1059 1744 1095 1803 lo-

109 1820 222 1893 ,rnatus
235 1821 262 1881 et
274 1822 495 1884 fortissimorum
508 1824 638 1882 virorum
651 1824 767 1883 cohorte
780 1822 897 1901 stipatus
912 1823 946 1879 in·
953 1824 1096 1901 Campum

114 1898 255 1961 Martium
269 1902 426 1985 prodiisset,
436 1901 562 1961 Catilina
575 1922 633 1961 non
648 1902 743 1961 solum
757 1922 774 1960 a
788 1902 816 1959 vi
830 1901 960 1960 facienda
975 1902 1096 1979 prohibi-

12 2007 13 2015 *
107 1988 167 2048 tus,
196 1978 353 2039 sedetiam
372 2002 391 2039 a
410 1980 567 2049 consulatu,
598 2000 685 2057 quern
706 1981 858 2058 appetebat,
889 1978 1030 2059 repulsus
1050 1992 1096 2041 est

112 2055 169 2121 Sed
183 2061 276 2117 nesio
289 2059 405 2137 quidem
418 2080 437 2117 o
448 2060 591 2139 proposito
606 2058 755 2119 deterritus
769 2069 817 2117 est.
860 2058 900 2116 Vi
915 2056 996 2117 enim
1019 2070 1045 2117 et
1059 2077 1098 2117 ar·

112 2135 175 2202 mis,
189 2151 401 2206 consecuturus,
414 2140 589 2215 quodarteet
600 2138 720 2196 consilio
733 2128 870 2215 consequi
887 2155 948 2195 non
961 2148 1097 2215 potuerat,

105 2214 205 2292 meis
221 2216 382 2281 indorum
397 2218 511 2290 [eccae.
520 2213 670 2293 cujusdam
685 2217 854 2285 convocatis,
875 2216 1030 2285 rationem,
1045 2237 1098 2294 qua

111 2292 188 2360 ferro
207 2294 326 2373 ignique
348 2316 443 2355 rerum
464 2296 628 2372 potirentur,
658 2294 806 2373 descripsit
835 2305 919 2429 attpue
961 2297 1096 2373 roposuit

112 2372 190 2430 Ante
197 2376 294 2431 omnia
302 2386 397 2433 autem
407 2374 527 2433 consilio
536 2374 706 2435 Ciceronem
716 2374 834 2431 emedio
843 2384 870 2431 to
883 2316 963 2432 lanii
974 2375 1098 2433 intentus

110 2443 170 2508 luit.
211 2447 269 2509 Sed
280 2452 383 2509 frustra
397 2452 518 2520 fuerunt,
532 2472 604 2530 quas
621 2452 770 2511 Ciceronis
785 2452 858 2511 vitae
871 2462 1024 2524 struxerat,
1036 2452 1098 2513 insi·

110 2528 189 2587 diae!
213 2528 317 2588 frustra
329 2528 427 2589 bellici
440 2531 476 2589 ab
487 2528 548 2589 'uno
562 2531 784 2607 conjuratorum,
800 2527 919 2598 Manlio,
931 2530 962 2590 in
978 2532 1097 2591 Etruria

107 2620 207 2667 contra
219 2610 341 2687 patriam
354 2608 419 2667 facti
432 2613 602 2688 apparatus!
626 2610 730 2667 frustra
743 2610 848 2681 omnia,
868 2628 945 2687 quae
968 2610 1097 2670 Catilina

108 2706 177 2745 cum
189 2688 344 2763 conjuratis
357 2689 468 2757 inierat,
485 2688 623 2747 consilia!
649 2690 697 2747 Ne
710 2687 816 2747 multa!
840 2688 929 2747 unius
946 2689 1099 2749 Ciceronis

108 2765 259 2843 prudentia
272 2778 299 2825 et
312 2767 460 2843 vigilantia
480 2766 653 2843 gravissime
666 2764 818 2825 calamitas
830 2786 848 2827 a
862 2766 1014 2829 bonorum
1027 2768 1099 2848 ospi-

97 2843 184 2915 trlrus
196 2856 224 2902 et
236 2845 273 2905 ab
285 2845 421 2905 universa
433 2845 547 2905 civitate
558 2844 679 2924 depulsa
694 2855 743 2905 eet.

275 3043 277 3046 ·
298 3049 300 3052 ·
386 3021 428 3077 17.
452 3017 556 3078 Cicero
568 3001 811 3079 vtr'consctorts'

122 3231 124 3235 .
147 3172 259 3244 Cicero,
280 3184 429 3252 postquam
450 3169 607 3246 consulatu,
634 3186 711 3234 tanta
730 3174 817 3234 laude
837 3185 863 3235 et
884 3172 986 3253 gloria
1010 3188 1094 3255 gesto

104 3251 220 3323 abierat,
240 3254 285 3311 vir
305 3252 467 3313 consularis
488 3256 561 3313 inter
581 3254 725 3332 principes
746 3266 898 3323 senatores,
930 3254 959 3313 h.
977 3276 1005 3315 e.
1027 3258 1102 3317 inter

104 3350 161 3401 eos,
175 3333 226 3410 qui
239 3334 365 3411 primum
383 3332 414 3391 in
428 3344 527 3391 senatu
542 3346 713 3411 rogarentur
727 3334 902 3403 sententiam,
925 3332 1035 3396 locum
1058 3336 1103 3395 ob·

103 3410 201 3477 tinere,
232 3422 258 3469 et
285 3413 319 3470 in
337 3412 408 3471 urbe
428 3412 561 3487 publicae
590 3414 675 3486 saluti
696 3412 851 3489 invigilare
868 3410 986 3483 ‘maluit
1011 3432 1104 3492 quam

99 3487 271 3547 Proconsul·
287 3490 317 3555 in
336 3490 514 3565 provinciam
534 3491 588 3549 sibi
604 3491 746 3549 decretam
760 3489 911 3549 discedere
957 3494 1105 3553 Primum

103 3563 220 3637 quidem
230 3567 335 3624 misere
342 3568 496 3625 vexabatur
510 3569 546 3626 ab
559 3568 739 3641 adversariis,
757 3570 878 3628 nimiam
893 3570 1043 3647 inprimis
1058 3592 1106 3650 po

103 3646 237 3723 testatem,
251 3660 307 3717 qua
329 3644 378 3708 ilie
393 3645 504 3702 Consul
525 3644 632 3703 indicta¹
651 3666 739 3709 causa
760 3648 838 3707 cives
858 3648 1013 3725 supplicio
1036 3652 1107 3711 affe·

102 3720 194 3781 crssea
224 3716 255 3775 in
275 3721 385 3777 crimen
404 3723 577 3781 vocantibus.
621 3724 730 3783 Contra
751 3724 805 3785 hos
824 3726 923 3804 igilur,
953 3728 1105 3808 inprimis
