2300 4059
72 34 111 95 68
219 22 223 103 J
276 28 332 93 VI.
354 50 394 95 or
407 47 473 91 run
488 45 843 95 aestimarem

72 206 106 281 ⁰¹:
118 196 228 281 'nornen
248 186 338 248 hebet
377 186 560 326 fflpeqinupphi
570 188 705 327 gadum
717 192 795 273 aqud
807 186 1007 300 limpidiqshnt
1016 200 1041 250 et

70 266 377 422 gffiufquqqp
384 288 557 404 enecaretuerr,
588 268 797 406 'Anddidudugbn
810 268 1042 407 ldidrheih‘ffi

72 426 189 516 regioni
204 444 239 483 ns
252 424 288 483 ob
301 424 480 515 singulmem
493 436 628 485 naturam
648 426 835 515 memoratio
846 438 896 483 est
937 426 1043 503 Ingenti

72 503 146 563 illud
158 502 239 563 hratu
252 513 327 581 patet
339 522 371 563 ru
383 514 479 563 monte
497 503 595 573 arduo,
618 504 731 581 alteque
750 503 909 563 demissum
924 504 1044 583 undique

71 582 144 641 viret
163 576 247 642 1ch
266 580 460 660 pendentibus.
502 582 563 642 Ubi
585 581 622 642 ad
643 583 703 641 iura
714 594 883 661 perventum
896 594 937 641 est
950 586 1045 656 rursus
1121 617 1123 644 t

70 659 152 720 aliud
162 666 308 719 'antruma
346 661 426 720 titur.
466 662 510 721 lbi
524 672 635 721 sonitus
645 660 847 740 cymbalorum
859 662 1045 738 ingredientes

71 681 346 879 tgrreqqdiqliqqrg
353 740 624 879 Toffimhptqspeom
635 744 778 817 abgustus
787 751 832 798 ert
844 751 871 799 et
883 759 950 800 rere
962 759 1047 811 aseer,

111 836 130 877 a
185 837 211 877 rt
281 838 291 876 1
359 838 404 877 en
520 838 543 877 r.
780 842 785 849 ’
850 854 855 863 ·
1058 833 1062 838 '

113 902 158 957 51.
180 898 209 957 E
225 897 330 957 Cilicia
343 916 475 975 egressos
489 898 575 977 Syria
593 898 705 977 exeipit,
727 896 812 974 eujus
825 912 892 975 pars
904 911 947 957 est
961 894 1049 958 Phoe·

71 984 137 1035 nice
150 976 182 1035 in
191 974 283 1035 littore
295 975 384 1035 maris
398 976 501 1035 interni
510 977 608 1057 posita
618 1024 621 1029 .
641 978 727 1037 Hans
735 977 884 1063 reqionum
894 976 994 1037 sollers
1002 977 1051 1043 ho-

71 1049 185 1131 minum
200 1074 293 1131 genus
305 1052 381 1113 colit,
423 1056 586 1116 Phoenices
603 1050 682 1134 enim
700 1056 860 1133 litterarum
871 1054 977 1115 formas
990 1066 1009 1115 ι’
1019 1074 1050 1115 se

71 1134 202 1217 inventas
223 1134 289 1193 aliis
302 1132 417 1212 populis
439 1133 630 1217 tradiderunt;
642 1134 724 1195 alias
736 1136 823 1194 etiarn
834 1145 916 1203 artes,
930 1154 1004 1211 quae
1015 1134 1051 1194 ed

71 1213 324 1290 navigationemet
336 1224 526 1273 mercaturam
536 1224 669 1291 spectant,
678 1213 804 1272 studiose
813 1212 969 1273 coluerunt
999 1215 1052 1273 Ce

71 1303 165 1351 terum
178 1293 277 1385 fertilis
291 1294 373 1369 regio
386 1291 550 1383 crebrisque
568 1292 737 1382 durninibus
750 1292 987 1377 rigata,quorurn
999 1312 1052 1371 ope
1139 1343 1140 1402 t

70 1380 163 1431 terrae
175 1386 321 1447 marisque
334 1390 402 1448 opes
415 1370 492 1431 facrlr
505 1382 621 1447 negotio
630 1380 748 1451 prterse
760 1380 964 1449 permutantur.
993 1372 1053 1431 No·
1140 1417 1141 1456 q

71 1448 229 1508 bilissimae
243 1450 406 1509 Phoenices
419 1450 505 1509 urbes
519 1449 616 1517 Sidon,
632 1462 785 1525 antequam
798 1468 817 1507 a
830 1448 930 1509 Persis
942 1447 1055 1528 capere·

70 1539 124 1597 tur,
138 1527 348 1589 maritimarum
360 1528 478 1589 urbium
490 1528 624 1596 maxims,
632 1538 665 1602 ⁴et
679 1529 786 1605 Tyrus,
800 1546 910 1618 aggere
922 1548 991 1589 euru
1002 1540 1055 1587 ter·
1142 1559 1143 1566 κ

69 1622 104 1663 ra
121 1606 289 1681 conjuncta*
331 1607 466 1684 Purpura
487 1606 575 1682 hujus
588 1606 670 1665 urbis
689 1606 822 1665 omnium
841 1608 1053 1683 pretiosissima

73 1684 232 1761 Conficitur
241 1684 292 1743 ille
304 1685 383 1745 color
397 1705 434 1745 ex
446 1704 532 1745 suero
546 1686 578 1743 in
590 1684 717 1755 conchis,
726 1704 802 1764 quae
814 1685 901 1745 etiam
909 1705 1056 1765 purpurae
1144 1707 1146 1786 ζ

71 1774 216 1833 vocantur,
229 1762 339 1823 latente.

111 1848 156 1903 52
179 1844 228 1903 Ex
248 1844 334 1923 Syrie
354 1842 536 1902 descenditur
559 1842 591 1901 in
610 1843 759 1912 Arabium,
779 1843 962 1921 peninsulam
982 1842 1058 1903 inter
1146 1865 1148 1938 ’χ

70 1920 128 1981 duo
141 1922 240 1992 maria,
255 1924 390 1983 Rubrum
404 1933 431 1981 et
445 1923 604 1989 Persicum,
618 1932 785 1999 porrectam
821 1920 920 1999 Hujus
933 1942 967 1980 ea
979 1941 1058 2000 pars,

70 2018 145 2076 quae
166 2002 201 2061 ab
215 2002 287 2061 urbe
307 2003 395 2062 Petra
414 2002 552 2067 Puram
571 2019 678 2059 nornen
697 2000 813 2077 aoeepit,
834 2001 920 2079 plane
941 2011 984 2059 est
1003 2012 1059 2061 ste·
1148 1987 1149 2016 ¹

70 2078 150 2157 rilis;
172 2079 247 2139 hone
270 2080 374 2157 excipit
395 2100 437 2150 ea,
455 2098 529 2156 quae
546 2078 583 2137 ob
595 2090 691 2137 rastas
703 2078 872 2138 solitudines
886 2078 997 2138 deserta
1009 2100 1060 2139 vo·

71 2168 158 2218 estur.
201 2157 259 2219 His
278 2158 405 2235 pertibus
432 2157 567 2219 adhaeret
587 2154 698 2218 Arabia
716 2157 793 2226 felix,
815 2157 896 2234 regio
922 2168 1060 2235 angusta,

71 2235 123 2295 sed
135 2236 272 2303 cinnuni,
285 2235 380 2294 thuris
392 2237 571 2312 aliorumque
584 2236 706 2294 odorum
718 2235 904 2295 feracissima
945 2230 1062 2297 Multae

71 2314 111 2373 ibi
134 2325 234 2391 gentes
255 2324 329 2381 suut,
351 2333 426 2391 quae
448 2314 521 2381 fixas
543 2313 625 2373 sedes
644 2333 703 2373 non
721 2313 852 2383 habeant,
874 2314 1027 2375 Nomades
1041 2336 1063 2375 a

74 2393 196 2451 Graecis
209 2390 374 2469 appellatae.
417 2393 514 2451 Lacte
524 2404 551 2452 et
573 2400 661 2453 sarae
672 2392 764 2451 serina
775 2394 938 2451 vescuntur.
963 2390 1063 2454 'Mul-

70 2472 91 2530 ti
105 2471 194 2530 etiam*
204 2470 339 2531 Arabum
352 2470 451 2548 populi
464 2470 622 2529 latrociniis
629 2472 748 2531 vivunt.⁵
788 2472 908 2533 Primus
920 2492 938 2530 e
951 2472 1065 2533 Roma·

18 2590 22 2601 ·
71 2549 118 2609 uis
131 2550 235 2611 Aelius
250 2550 354 2611 Gallus
367 2549 398 2607 in
411 2549 487 2608 hano
499 2558 605 2623 terrant
618 2570 686 2609 oum
695 2550 822 2609 exercitu
834 2551 1010 2628 penetrarit⁸

111 2631 156 2690 ta.
180 2628 315 2690 Camelos
325 2628 398 2689 inter
411 2638 540 2687 armenta
553 2628 769 2705 pasoitOrieus
801 2629 868 2688 lbto
877 2627 984 2700 harum
990 2643 1066 2688 sunt

72 2728 187 2785 genera,
198 2706 384 2769 Bractrienhe
393 2718 419 2771 et
428 2706 573 2767 Arabiae.²
603 2707 751 2767 lllaebina
762 2706 868 2766 habent
878 2707 910 2766 iu
919 2705 1006 2767 dorso
1014 2720 1066 2767 tu-

71 2788 147 2858 bera,
170 2788 226 2847 hae
246 2788 380 2865 siugula;
401 2806 495 2847 uuum
506 2798 603 2847 sutem
620 2786 676 2852 sub
687 2797 808 2863 pectore,
820 2784 869 2845 oui
881 2786 1064 2856 ineuurbant.

75 2866 213 2926 Dentium
226 2866 327 2931 ordine
339 2864 486 2945 superiore
499 2876 603 2924 carent.
645 2867 735 2924 Sitern
747 2864 899 2942 quatriduo
918 2862 1066 2943 tolerant3

72 2964 177 3022 aquam
199 2955 352 3021 antequam
372 2939 475 3011 bibent,
496 2942 618 3020 pedihus
629 2945 750 3019 turbant.
792 2944 902 3023 Virunt
919 2944 1071 3022 quinqua·

73 3025 157 3101 genie
170 3024 268 3099 anuis3
290 3022 431 3100 quaedam
444 3021 529 3081 etiarn
540 3022 676 3082 ¹oentenis.
798 3022 802 3027 ’

112 3106 157 3163 54.
180 3102 229 3179 Ex
243 3102 353 3168 Arabia
366 3101 530 3179 pervenitur
544 3102 575 3162 iu
589 3101 790 3179 Babyloniam,
799 3101 847 3160 eui
861 3097 995 3179 Babylon
1009 3120 1071 3160 no-

72 3200 140 3241 men
154 3178 236 3248 dedit,
253 3178 478 3240 Chaldaiouru'm
492 3180 622 3256 gentium
635 3191 728 3256 caput,
736 3180 806 3238 urbs
818 3190 845 3237 et
857 3178 1070 3255 nnrgnitudine

70 3271 101 3319 et
112 3258 220 3331 ,divitiis
233 3257 318 3327 clara.
361 3259 530 3318 semiramis
540 3278 604 3317 eam
617 3257 789 3325 condiderat,
799 3258 852 3325 vel,
862 3268 893 3316 ut
905 3258 990 3318 multi
1000 3278 1071 3318 ere·

73 3337 212 3406 diderunt,
233 3336 332 3405 Belus,
359 3338 443 3413 cujus
463 3339 545 3414 regia
564 3336 727 3397 ostenditur.
765 3330 875 3397 'Mnus
897 3348 1071 3399 exstructus

73 3414 210 3477 laterculo
223 3414 325 3487 coetili,
338 3415 456 3491 triginta
470 3427 497 3473 et
511 3414 584 3474 duos
595 3414 738 3492 pedesest
749 3412 832 3484 latus,
854 3414 891 3473 ita
900 3425 932 3473 ut
944 3417 1071 3492 quadri-

73 3514 128 3569 gae
135 3495 208 3553 inter
218 3513 250 3551 se
257 3504 439 3555 occurrentes
447 3494 509 3551 sine
518 3494 648 3569 periculo
656 3511 819 3553 commeare
831 3492 977 3570 dieantur3
998 3495 1073 3556 alti·

73 3571 141 3628 tudo
162 3570 348 3629 ducentorum
370 3568 490 3645 pedum'3
511 3581 606 3628 turres
625 3581 722 3629 autem
735 3570 817 3631 denis
829 3569 950 3647 pedibus
970 3590 1072 3650 quum
1098 3586 1104 3593 ·

71 3662 176 3733 murus
189 3644 305 3707 altiores
316 3656 390 3703 sunt.
409 3652 413 3661 '
433 3644 536 3705 Totius
548 3646 644 3723 operis
660 3649 783 3707 ambitus
802 3647 953 3725 sexaginta
965 3652 1075 3713 millia

29 3764 63 3791 ι
131 3798 135 3803 .
