2300 4059
105 16 146 81 84
405 31 607 78 noscentur
622 31 796 103 rumaren.

104 173 163 235 lem
171 172 317 243 exscindit
323 183 350 233 et
359 172 458 234 fratres
467 172 538 232 olim
547 172 685 233 destinato
691 170 834 251 supplicio
843 170 936 243 tradit,
946 171 1085 253 simulque

103 251 211 336 praeda
223 254 333 329 ingenti
346 252 456 312 fruitur.
486 252 558 312 Inde
570 253 687 311 auraria
700 254 731 312 in
741 251 901 321 Thessalia,
911 255 1027 331 argenti
1035 274 1085 314 me

102 332 173 392 talla
182 334 214 392 in
228 332 364 391 Thracia¹
377 342 503 409 occupat
546 332 605 391 His
619 332 657 389 ita
671 331 768 408 gestis,
782 332 852 390 sorte
862 331 962 400 evcnit,¹
978 342 1084 407 uteum
1098 405 1101 410 ¹

104 411 205 471 iratres
218 410 294 480 duo,¹
306 428 391 487 reges
405 410 558 478 Thraciae,
576 410 813 487 disceptationum
826 428 948 468 suarum
960 408 1084 485 judicem
1134 408 1135 425 ¹

104 490 251 567 eligerent
293 490 351 549 Sed
373 488 528 567 Philippus
542 487 578 547 ad
597 487 754 564 judicium,
763 490 842 547 velut
860 488 897 547 ad
916 488 1084 561 bellumiu·

103 578 210 629 structo
219 562 351 645 'exercitu
364 568 535 646 supervenit,
549 578 576 626 et
590 587 680 645 regno
693 578 848 645 utrumque
861 566 1003 646 spoliavit
1020 631 1025 639 ,

244 727 270 786 8.
312 725 351 786 Ia
360 726 518 784 Graeciam
528 732 670 801 penetret.
713 725 796 807 (Just.
813 684 903 785 vlu,
917 724 959 813 4.)

121 918 124 925 -
145 878 240 942 Paulo
260 892 323 961 post
336 882 469 943 Thebani
489 882 596 941 iterum
615 880 725 959 legatos
738 880 776 941 ad
795 900 862 941 eum
879 882 1030 955 miseruut,
1043 880 1087 962 qui

103 972 247 1038 rogarent,
268 973 299 1019 ut
318 961 428 1021 bellurn
447 971 545 1020 contra
566 959 734 1019 Phocenses
754 972 919 1039 susceptum
933 974 1086 1024 renovaret
1134 986 1135 999 ¹

104 1040 215 1099 Contra
236 1040 432 1100 Phocensium
452 1039 546 1117 legati,
560 1039 950 1099 adhibitis³Lecedaemoniis
964 1052 992 1101 et
1007 1042 1089 1102 Athe·

103 1118 261 1188 aiensibus,
275 1119 385 1178 bellum
405 1118 647 1198 deprecabuntur,⁴
661 1118 743 1193 cujus
757 1118 792 1176 ab
806 1138 840 1177 eo
861 1118 1033 1179 dilationem
1051 1133 1089 1179 ter

100 1196 163 1273 jam
171 1209 306 1257 emerant
348 1195 1089 1276 Secretoigiturauditisutriusquepopulilegationi·

103 1276 166 1349 bus,
180 1276 238 1336 his⁶
256 1278 371 1337 veniam
390 1276 459 1337 belli
479 1276 631 1355 pollicetur
640 1277 658 1353 3⁸
678 1274 737 1333 illis
758 1286 862 1345 contra,
884 1288 1043 1337 venturum
1061 1298 1088 1339 sc

102 1356 303 1434 auxiliumque
322 1356 455 1415 laturum
498 1356 644 1431 Utrosque
652 1364 726 1412 vetat
744 1372 845 1431 parare
854 1354 969 1415 bellum
979 1368 1031 1416 aut
1038 1378 1089 1419 me·

102 1444 190 1503 tuere.
213 1513 219 1525 .
233 1436 281 1495 Sic
295 1436 401 1493 factum
421 1445 470 1503 est,
480 1444 523 1502 ut,
543 1434 653 1523 securis
668 1434 807 1503 omnibus,
824 1435 1089 1548 Thennopylapum

103 1512 1088 1681 nesrnffimnnn,pune,nme

103 1669 161 1729 sed
181 1689 275 1747 neque
287 1682 412 1748 spanum
427 1682 488 1729 erat
507 1670 668 1730 instruendi
689 1668 765 1740 belli,
779 1688 832 1729 nec
845 1680 961 1749 tempus
975 1672 1015 1731 ad
1029 1692 1089 1731 con·

102 1747 242 1809 trahenda
255 1749 379 1826 auxilia;
400 1760 427 1823 et
441 1749 597 1827 Philippus
611 1747 757 1809 excidium
766 1748 936 1818 minabatur,
947 1751 979 1809 ni
990 1750 1088 1812 deditio

102 1826 191 1888 fieret.
233 1828 310 1888 Victi
330 1829 420 1905 igitur
439 1828 614 1898 necessitate,
629 1839 710 1905 pacta
730 1826 841 1897 salute,⁸
860 1848 894 1887 se
912 1828 1087 1890 dediderunt

103 1908 151 1978 At,
165 1907 308 1970 deditione
318 1907 398 1976 sacta,
407 1908 565 1968 caeduntur
572 1908 684 1987 passim
693 1908 907 1986 rapiunturque,
916 1907 1002 1969 haud
1010 1926 1088 1977 secut

102 1986 174 2046 acsi
186 1986 296 2069 proelio
310 1988 436 2068 superati
449 1996 573 2047 essent·
665 2018 668 2025 ·

167 2147 195 2207 9.
238 2144 327 2211 Bello
339 2146 466 2207 secanda
474 2097 555 2223 gerii
568 2143 601 2205 in
618 2102 788 2203 Chersoneso
803 2152 830 2204 et
843 2146 876 2207 ia
891 2144 1025 2223 scythia

394 2225 512 2311 (Justin,
523 2223 612 2285 VIII.
628 2228 654 2284 6.
677 2222 732 2283 ΙΧ.
751 2224 788 2303 l.)

143 2378 203 2440 His
215 2380 346 2459 peractis,
361 2380 503 2459 rebusque
522 2378 713 2444 Macedoniae
732 2378 909 2459 compositis
919 2380 1091 2445 Damanos

102 2468 286 2537 caeterosque
308 2460 445 2520 finitimos
454 2470 608 2539 expugnat,
620 2470 646 2519 et
656 2460 840 2539 Byzantium,
848 2460 979 2531 nobilem
989 2464 1091 2523 urbem

101 2549 130 2599 et
141 2536 323 2609 maritimam,
338 2540 486 2600 obsidione
500 2538 598 2616 cingit
642 2541 740 2602 Quam
748 2556 840 2675 quum
853 2559 1026 2617 expugnare
1034 2560 1092 2603 non

102 2629 203 2697 posset,
214 2619 356 2697 proiectus
370 2639 438 2677 cum
450 2615 664 2685 fortissimisse
672 2616 709 2677 ad
724 2618 750 2677 C
772 2617 974 2677 ersonensium
984 2619 1092 2680 urbes'

101 2698 247 2768 convertit,
261 2697 575 2777 plurimasqueearum
588 2694 782 2773 sibisubjicit,
797 2694 949 2775 filiumque
962 2698 1093 2765 Alexan·

102 2773 195 2847 (irum,
210 2775 310 2838 decem
329 2788 357 2836 et
376 2790 438 2837 octo
453 2796 545 2837 annos
564 2785 672 2845 natum,
693 2774 731 2834 ad
750 2796 782 2841 se
802 2776 927 2855 arcessit,
942 2786 974 2837 ut
997 2778 1093 2857 prima

102 2854 244 2931 stipendia
271 2855 327 2915 sub
346 2856 435 2934 patris
464 2853 568 2916 militia
588 2854 699 2914 faceret.
742 2854 778 2923 In
804 2854 955 2934 Scythiam
975 2876 1093 2935 quoque

101 2932 259 3011 praedandi
272 2953 361 2993 causa
380 2936 521 3014 profectus
535 2944 593 3013 est3
615 2933 803 3012 Scythasque,
817 2945 844 2993 et
864 2934 969 2995 virtute
991 2947 1021 3005 et
1041 2957 1094 2999 nu·

101 3029 183 3072 mero
203 3023 385 3089 praestantes,
406 3012 472 3073 dolo
492 3013 565 3073 vicit
616 3012 731 3091 Viginti
752 3012 846 3072 millia
872 3030 1039 3091 puerorum
1059 3032 1093 3074 ac

101 3088 275 3150 feminarum
289 3103 378 3170 capta,
392 3093 505 3184 pecoris
524 3110 633 3169 magna
652 3091 703 3161 vis,
718 3091 783 3150 auri
803 3092 973 3171 argentique
986 3092 1094 3153 nihii²¹

101 3168 224 3309 pliquot
231 3168 324 3263 millia
332 3168 476 3233 nobilium
483 3169 671 3251 equarum‘ad
680 3163 982 3249 genusiaciendu'rnin
993 3172 1095 3262 Mace·

121 3266 219 3309 ontam
231 3269 329 3313 imm·
