2300 4059
352 99 494 145 nrrronr
507 100 545 145 or
561 100 752 151 enricum.
792 142 795 147 ,
828 142 832 149 ,
1002 88 1041 149 ol

63 235 139 301 cline
152 251 195 299 ert
209 242 299 318 regio,
314 260 389 319 quoe
407 251 446 301 tot
465 252 581 319 tamque
599 242 717 321 pulcras
736 242 823 303 urbes
843 240 954 315 habeut,
967 244 1043 306 inter

55 338 127 397 quus
137 322 236 379 Roma
249 331 277 379 et
288 320 488 397 magnitudine
501 333 528 379 et
541 320 668 381 nominis
681 323 757 381 farne
770 322 881 381 eminet

99 403 142 459 tt.
166 403 251 463 Haec
265 400 342 467 urbs,
357 400 434 479 orbis
447 411 591 459 terrarum
603 412 695 478 capot,
708 412 817 481 septem
837 412 948 461 montes
968 420 1044 461 coru·

8 494 11 567 p
57 478 195 555 plectitur.
227 478 312 539 Initio
322 482 444 556 quotuor
454 491 554 570 portua
564 480 699 556 habebnt3
720 480 851 557 Augusti
863 480 1044 557 aevomgm

57 568 85 615 te
97 570 214 636 septem
258 558 348 617 Urbis
361 558 607 634 magnificentiam
619 560 762 636 augebant
775 561 843 629 lora,
853 560 966 638 templu,
979 579 1043 637 por·

57 636 138 705 tiens,
148 636 352 715 aquaeductus,
360 638 477 708 theatra,
486 656 571 698 arcus
581 638 779 716 triumphales,
788 638 865 697 horti
874 637 1043 716 deniqueet

58 714 87 775 id
100 717 202 792 genns¹
218 717 283 786 elia,
298 715 334 775 od
348 736 423 794 quoe
432 716 478 775 vel
491 716 573 777 lecto*
583 718 697 777 animus
710 729 809 795 stupet
853 720 953 781 Quare
967 729 1043 780 recte

60 794 92 853 de
105 816 139 853 ea
152 795 322 874 praedicare
330 796 469 864 videntur,
480 798 530 873 qni
543 794 655 855 nullius
669 797 748 856 urbis
761 799 794 857 in
805 808 862 855 toto
876 798 944 857 orbe
956 808 1043 857 terro·

60 892 122 933 rom
134 874 381 951 magnificentium
395 875 422 933 ei
436 875 598 953 comparari
610 895 695 954 posse
708 875 848 935 dixerunt.

99 958 140 1012 18.
164 954 349 1013 Felicissimo
357 954 388 1012 in
400 951 482 1023 ltalie
492 956 575 1031 regio
586 955 805 1032 estCamponia
836 953 1043 1015 Multirbiriti·

59 1032 110 1091 ieri
119 1032 216 1102 collm,
223 1034 274 1093 nbi
283 1033 463 1093 nobilissima
471 1034 538 1092 vinc
547 1034 715 1111 gignuntur,
722 1036 861 1103 Setinum,
869 1034 1041 1107 Caecubum,

60 1110 227 1183 Falernum,
251 1113 419 1171 Massicum.
462 1112 559 1173 Colidi
589 1110 696 1172 ibidem
721 1113 812 1171 sontes
840 1112 1044 1173 ntuberrimir

60 1191 214 1283 Nusquam
228 1192 396 1268 generosior
406 1190 476 1251 olea
520 1191 684 1271 Concbylio
692 1209 808 1271 quoque
820 1204 847 1251 et
860 1192 938 1270 pisce
950 1191 1042 1253 nobili

58 1288 147 1330 mana
162 1272 261 1331 vicina
272 1282 386 1331 scatent.

98 1353 140 1409 19.
166 1350 331 1409 Clarissimi
351 1368 451 1411 ornnes
473 1348 573 1409 Italiae
592 1359 659 1409 sunt
673 1348 781 1409 Padus⁴
795 1361 822 1407 et
836 1349 962 1409 Tiberis¹
1001 1348 1042 1410 Et

58 1427 155 1487 Padus
166 1428 284 1506 quidem
297 1428 327 1487 in
338 1430 486 1507 superiore
499 1440 586 1507 purte,
595 1448 669 1519 quae
681 1428 780 1489 Gallia
792 1426 952 1506 Cisalpinn⁵
960 1448 1043 1489 roeo·

57 1518 108 1576 tur,
116 1508 154 1569 ab
167 1508 236 1567 imis
250 1508 394 1569 radicibus
406 1507 519 1568 Vesuli⁸
528 1518 634 1567 montis
647 1509 789 1585 exoritur3
811 1508 939 1586 primum
948 1508 1041 1579 exilio,

57 1584 158 1645 deinde
171 1587 238 1646 aliis
252 1588 387 1647 amnibus
400 1590 437 1647 ita
451 1587 545 1657 alitur,
555 1600 589 1645 nt
600 1606 632 1645 re
645 1607 696 1662 per
710 1586 947 1664 septemnarium
960 1606 1042 1649 marc

58 1665 190 1726 effimdet
227 1668 349 1735 Tiberis,
359 1666 408 1743 qui
416 1665 624 1743 antiquissimis
633 1665 1042 1744 temporibusAlbulaenornen

58 1742 183 1814 habebat,
199 1766 236 1805 ex
254 1746 410 1823 Apennino
430 1745 535 1821 oritur;
557 1744 661 1805 deinde
676 1746 789 1805 duobus
807 1757 836 1803 et
851 1744 1042 1823 quadraginta

58 1824 226 1884 fluminibus
240 1836 349 1894 auctus,
363 1825 394 1883 fit
414 1822 595 1902 navigabilis.
638 1824 786 1885 Plurimae
799 1825 830 1885 iu
842 1836 965 1901 utraque
978 1822 1043 1901 ripa

57 1902 139 1962 rillas
160 1904 287 1981 adspicit,
302 1904 457 1982 praecipue
476 1915 571 1963 entem
592 1902 674 1963 urbis
687 1904 839 1962 Romame
854 1902 1042 1980 magnificen-

57 1980 146 2041 tium.¹
185 1981 407 2043 Plucidissimue
421 1982 551 2043 omnium
566 2001 632 2041 raro
645 1982 725 2059 ripus
737 1980 892 2057 egreditur.

95 2065 141 2120 20.
166 2062 202 2121 In
222 2062 357 2121 inferiore
377 2072 456 2139 parte
478 2060 580 2119 Italiae
598 2060 678 2120 clara
690 2059 837 2137 quondam
848 2058 918 2119 urba
932 2058 1041 2119 Toron·

57 2140 136 2208 turn,⁸
148 2160 222 2217 quoe
236 2142 324 2199 maris
339 2140 425 2208 sinui,
439 2140 487 2199 cui
501 2139 615 2217 adjacet,
629 2158 734 2197 nomen
746 2137 829 2197 dedit.
871 2138 932 2198 Soli
945 2137 1041 2199 fertili·

56 2229 98 2277 tus
108 2220 239 2296 coelique
248 2218 377 2295 jucunda
387 2218 538 2297 temperies
551 2218 583 2277 in
592 2236 681 2277 consu
693 2217 783 2278 fuisse
791 2216 910 2287 videtur,
920 2226 951 2275 ut
964 2217 1041 2277 inco-

56 2296 227 2357 laeluxnria
235 2309 261 2357 et
270 2296 381 2357 deliciis
389 2309 602 2357 enervarentur.
639 2295 1041 2375 Quumquealiqmmdiopo-

53 2376 141 2435 tentia
148 2376 523 2455 florerentcopiaaquehaud
531 2374 1040 2453 contemnendasalerent,peregrinir

54 2467 152 2515 mmen
164 2457 335 2539 plerumque
345 2456 465 2517 ducibus
479 2457 509 2515 in
522 2454 607 2515 bellis
620 2456 778 2523 utebantur,
788 2467 819 2512 nt
834 2453 959 2533 Pyrrho,
969 2472 1040 2530 rege

54 2534 151 2613 Epiri,
165 2555 221 2613 quo
235 2537 386 2614 superato,⁹
399 2536 468 2595 urbs
482 2535 513 2593 in
527 2534 729 2593 Romanorum
756 2543 920 2612 potestatem
933 2532 1018 2591 venit

94 2618 141 2674 21.
165 2616 303 2675 Proximo
314 2614 415 2676 Italiae
424 2625 465 2673 est
475 2614 584 2682 Sicilia,
594 2612 691 2673 insula
698 2613 829 2672 omnium
838 2612 926 2671 maris
935 2609 1039 2670 interni

53 2694 190 2754 maxima.
212 2692 612 2771 Antiquissimisternporibus
619 2712 755 2751 eumcum
764 2689 1039 2759 Italiatcobaesisse,

52 2772 202 2849 marisque
209 2775 379 2851 impetnaut
387 2784 480 2831 terme
489 2783 566 2831 moto
576 2770 643 2831 inde
651 2770 795 2829 divulsam
803 2789 874 2839 esse,
882 2766 1040 2829 verisimile

52 2862 100 2911 ost
147 2852 254 2911 Forma
271 2851 466 2929 triangularis,
485 2850 524 2909 ite
542 2862 574 2909 nt
591 2850 707 2920 litterae,
728 2869 816 2927 qnam
839 2848 947 2907 Graeci
964 2856 1039 2903 Arte.

53 2942 165 3000 vocant,
175 2931 335 3007 imaginem
348 2930 456 2991 reserat
487 2933 517 2990 Α
526 2930 618 2989 tribus
632 2928 833 3007 promontoriis
844 2940 961 2987 vocatur
975 2926 1040 2987 Tri·

52 3009 181 3069 annet
210 3010 418 3073 Nobilissimns
429 3010 470 3069 ibi
482 3028 565 3069 mons
576 3013 695 3079 Aetnae,
704 3009 755 3085 qui
769 3007 834 3067 urbi
846 3009 976 3069 Catanen
989 3008 1041 3067 im·

53 3091 152 3157 minet,
166 3099 228 3155 tum
241 3092 277 3151 ob
290 3090 476 3158 altitudinem
491 3099 552 3147 tum
566 3088 652 3147 etiarn
664 3088 701 3147 ob
714 3088 805 3165 igne,
819 3106 891 3165 qnos
904 3086 1040 3164 effundit;

52 3186 145 3243 quare
159 3169 341 3249 Cyclopurn¹¹
353 3170 384 3229 in
397 3167 448 3229 illo
462 3178 558 3227 monte
571 3167 719 3228 officinam
736 3186 799 3225 esse
817 3176 919 3244 poetae
932 3165 1037 3225 dicum

53 3248 178 3307 Cineres
192 3269 209 3307 e
221 3248 378 3308 crateribus
392 3247 502 3324 egestit
511 3266 616 3323 agrum
626 3246 875 3322 circumjacentem
884 3244 1040 3305 fecundum

50 3337 78 3385 et
92 3327 220 3387 feracem
230 3326 347 3389 reddere
357 3326 561 3386 existimantur.
605 3328 677 3385 Sunt
690 3325 730 3385 ibi
745 3326 866 3385 Piorum
876 3322 978 3401 compi,
988 3323 1038 3401 qui

50 3426 162 3465 nomen
175 3406 280 3466 habent
293 3427 311 3466 a
325 3406 436 3466 duobus
450 3405 604 3481 juvenibus
616 3404 833 3475 Catanensibus,
843 3402 902 3481 qui,
913 3404 1038 3463 flammis

49 3484 199 3561 quondum
219 3506 250 3546 re
287 3497 335 3545 nte
354 3484 563 3563 ingruentibus,
578 3494 710 3562 parentes
727 3494 872 3543 senectute
888 3481 1038 3549 coniectos,

48 3562 186 3623 humeris
199 3566 254 3625 sub
264 3567 345 3625 atos¹³
357 3566 492 3625 flammae
510 3562 651 3641 eripuisse
663 3563 799 3622 feruntur.
843 3558 974 3619 Nomina
985 3558 1039 3617 ire·

48 3653 131 3701 trum
145 3644 365 3721 Amphinomus
379 3656 405 3704 et
420 3646 545 3720 Anapus
559 3642 679 3701 fuerunt.

90 3726 140 3783 22
164 3724 243 3785 Inter
253 3723 338 3784 urbes
348 3722 465 3785 Siciliae
474 3720 556 3782 nulla
566 3731 609 3779 est
618 3718 756 3779 illustrior
766 3715 926 3795 Syracusis,
937 3714 1039 3775 Corin·
