2300 4059
346 132 736 181 usesaosrnrurssruu.
996 118 1034 184 4⁸

55 270 223 334 Alexandro
242 282 343 342 essent,
357 272 480 343 simulat.
494 292 526 333 se
539 294 576 337 ex
588 273 693 335 amicis
703 272 843 351 quosdam
862 272 894 333 in
914 270 1035 350 patriam

55 352 192 411 rictorme
203 353 320 411 nuntios
332 353 498 411 missurum.
513 381 517 387 ·
541 355 681 413 Hortatur
694 351 808 420 milites,
819 362 850 409 ut
862 352 924 410 suis
932 350 1035 410 scribe

55 441 146 507 renti,
158 430 294 507 datasque
320 429 453 508 epistolas
473 430 556 494 tacite
575 430 664 489 adse
684 430 787 489 deferri
804 430 898 507 jubet;
919 449 956 487 ex
975 429 1036 507 qui·

54 508 110 567 bus
121 509 238 585 cognito
250 509 285 567 de
299 525 331 567 se
342 508 529 586 singulorum
538 508 664 585 judicio:
678 510 708 569 iu
722 527 811 567 unam
821 508 968 567 cohortem
976 526 1033 577 eos,

54 589 106 663 qui
123 586 161 646 de
174 606 245 664 rege
263 587 365 645 durius
378 587 485 664 opinati
505 587 628 647 lucrant²
639 587 798 657 contribuit,
812 597 861 645 aut
873 597 1036 647 consumtu-

54 684 105 724 rus
117 667 186 734 eost3
197 678 247 725 aut
260 666 290 723 in
303 666 412 725 ultimis
424 665 508 736 terris
528 666 559 723 in
571 665 700 725 colonias
713 665 922 725 distributurus
965 664 1037 725 Inde

56 745 196 812 Drances,
217 746 389 821 Euergetas,
412 756 595 821 caeterosque
624 746 753 821 populos,
776 743 826 821 qui
845 742 881 801 ad
910 742 1037 803 radicem

55 824 183 881 Caucasi
201 823 369 890 babitabant,
390 823 510 900 subegit.
553 826 667 883 Interea
680 842 757 883 unus
778 842 814 883 ex
827 822 929 881 amicis
945 822 1036 893 Darii,

52 902 174 971 Bessus,
196 902 307 961 noetus
319 900 476 972 adducitur,
490 900 541 978 qui
554 922 655 979 regem
674 920 732 959 non
753 902 848 961 solum
868 900 1036 977 prodiderat,

51 999 156 1039 verum
169 981 256 1039 otiam
268 980 452 1053 interfecerat
496 983 595 1051 Quem
609 982 640 1039 iu
653 980 791 1039 ultionem
808 978 945 1057 perfidiae
957 978 1037 1039 fratri

53 1058 142 1117 Darii
162 1057 386 1117 excruciandum
405 1058 526 1119 tradidit
566 1058 607 1117 Et
621 1069 651 1118 ut
671 1058 718 1117 bis
730 1058 813 1117 terris
827 1078 932 1117 nomeu
952 1057 1038 1117 relin-

49 1147 161 1212 queret,
176 1138 277 1211 urbem
291 1136 499 1197 Alexandriam
512 1156 599 1215 super
621 1154 737 1197 amnem
759 1138 883 1197 Tanain*
903 1134 1035 1195 condidit

52 1215 90 1273 In
104 1216 269 1276 Bactrianis
281 1234 395 1293 quoque
409 1216 629 1293 Sogdianisque⁵
639 1214 791 1275 duodecim
804 1215 889 1274 urbes
903 1212 1036 1285 condidit,

49 1292 153 1384 ibique
171 1314 229 1363 eos,
248 1313 321 1371 quos
341 1294 373 1353 in
391 1296 520 1355 exercitu
539 1294 690 1354 seditiosos
709 1304 889 1371 cognoverat,
909 1292 1038 1355 habitare

45 1384 146 1448 Jussu

142 1532 190 1588 ao.
214 1528 326 1589 circu„
339 1528 650 1604 manuteneret.
692 1502 806 1607 (rubin.
819 1528 891 1591 xri
908 1529 948 1607 o.)

92 1684 155 1745 His
167 1686 206 1745 ita
219 1685 307 1763 gestis
320 1685 443 1747 solemni
456 1688 503 1746 die
515 1688 625 1747 amices
638 1686 669 1745 iu
683 1685 847 1747 convivium
860 1696 948 1746 vocat
978 1684 1038 1746 Ubi

48 1776 116 1823 orta
136 1765 210 1823 inter
229 1764 323 1825 ebrios
343 1784 443 1825 rerum
461 1786 480 1825 a
500 1766 637 1843 Philippo
651 1777 799 1843 gestarum
810 1767 961 1836 mendene,
975 1764 1038 1843 ipse

48 1863 84 1901 se
98 1842 174 1920 patri
188 1843 330 1920 praeferre
342 1844 441 1921 coepit,
455 1856 616 1920 assentante
629 1845 738 1921 majore
747 1842 936 1909 conuersum
949 1854 1036 1920 parts.

51 1922 158 1998 Itaque
169 1940 261 1998 quum
279 1942 356 1983 unus
368 1945 386 1983 e
397 1922 523 1992 senibus,
539 1922 641 1991 Clitus,
655 1921 763 1989 fiducia
774 1920 919 1981 amicitiae
931 1922 1037 1999 regiae,

49 1999 226 2059 memoriam
238 2000 367 2079 Philippi
375 2013 509 2069 tueretur,
516 2000 701 2079 laudaretque
708 2001 772 2078 ejus
782 2019 828 2061 res
837 2010 939 2079 gestas.
950 1998 1039 2059 Alex·

50 2077 145 2138 ander
164 2077 235 2138 adeo
255 2080 300 2139 ira
319 2080 432 2150 exarsit,
453 2091 492 2150 ut,
513 2080 568 2141 telo
590 2101 608 2139 a
629 2080 750 2139 satellite
771 2089 858 2157 rapto,
874 2078 984 2139 Clitum
1006 2080 1039 2139 iu
1140 2148 1141 2151 Ἴ

49 2157 188 2217 convivio
200 2157 361 2218 trucidaret
404 2159 481 2226 Post,
495 2158 558 2217 uae
573 2169 653 2219 aestu
667 2157 837 2227 subsidente,
851 2157 882 2217 iu
896 2157 1039 2235 poeniteu-

49 2236 125 2295 uam
137 2254 247 2304 versus,
256 2235 332 2295 mori
340 2237 436 2297 voluit
459 2237 567 2297 Mansit
575 2236 648 2297 haee
657 2232 799 2297 moriendi
812 2234 942 2297 voluntas
952 2236 1039 2295 etim

50 2314 271 2390 insequentibus
283 2314 392 2383 diebus,
406 2312 497 2375 donec
509 2316 652 2375 exercitus
661 2315 790 2375 universi
800 2314 932 2393 precibus
940 2332 1039 2373 exora·

48 2404 100 2453 ms
120 2404 171 2462 est,
185 2393 335 2469 precantis,
356 2414 394 2453 ne
412 2393 452 2453 ita
466 2393 553 2453 unius
572 2404 694 2453 mortem
714 2392 814 2461 dolen,
835 2404 866 2453 ut
887 2392 1041 2453 universos

49 2470 170 2549 perdat;
191 2491 285 2548 neque
304 2472 409 2531 milites
429 2472 460 2533 in
481 2472 612 2533 tiltimam
633 2469 767 2531 deductos
779 2470 950 2543 barbariam,
964 2471 1040 2539 inter

50 2550 173 2608 infamas
193 2561 293 2625 gentes
313 2548 451 2609 destituat
493 2551 639 2611 Revocato
656 2548 792 2628 igitured
810 2549 920 2613 bellurn
932 2551 1037 2621 anime.

49 2628 235 2691 eboreum
247 2641 274 2686 et
289 2628 400 2714 Dabas‘
411 2628 444 2687 in
455 2627 630 2689 deditionem
643 2628 759 2706 accepit.

194 2810 241 2865 al.
263 2806 434 2867 [eludium
444 2811 589 2882 penetrat.
631 2802 746 2886 (Justiu
762 2802 833 2864 XII.
850 2805 890 2882 7.)
1014 2818 1016 2822 ·

94 2964 168 3023 Post
180 2962 253 3022 hacc
268 2961 381 3024 ludium
393 2962 470 3040 petit,
484 2972 515 3021 at
529 2961 647 3021 Οιαιιιο
660 2959 755 3021 finiret
775 2960 937 3039 imperium.
980 2960 1040 3027 Oui

48 3041 168 3119 gloriae
187 3053 220 3100 nt
238 3041 325 3101 etiam
344 3042 488 3101 exercitus
508 3052 675 3099 ornamenu
694 3038 884 3111 convenirent,
905 3040 1040 3119 phaleras

48 3139 198 3197 equorum
217 3131 245 3179 et
269 3129 363 3180 arma'
379 3120 506 3181 nuditum
531 3130 652 3198 argento
672 3117 795 3196 inducit;
825 3120 1078 3199 exercitumque..

47 3216 151 3266 snum
165 3199 203 3258 ab
211 3200 356 3275 argenteis
364 3196 484 3277 clypeis,
492 3196 720 3276 Argyraspidas'
733 3197 893 3275 appellavit
937 3202 1040 3263 Quum

46 3277 93 3336 sd
121 3278 248 3355 Nymm‘
266 3277 371 3337 urbm
388 3277 518 3345 venisset,
539 3276 690 3354 oppidanis
718 3297 777 3337 non
804 3278 1037 3359 repugnantibus

46 3354 165 3415 fiducia
186 3355 295 3415 liberi·
313 3356 409 3433 patris,
430 3377 449 3415 a
467 3374 525 3432 quo
544 3354 658 3415 cundita
678 3355 747 3415 urbs
768 3367 834 3424 erat,
849 3357 928 3434 parci
944 3356 1036 3431 jussit

46 3436 143 3495 Tum
162 3433 335 3493 adsacrum
361 3445 487 3495 montem
507 3432 588 3494 duxit
607 3435 779 3502 exercitum,
800 3434 856 3493 vite
876 3433 1040 3511 hoderaquo

46 3532 114 3575 non
126 3513 214 3572 aliter
231 3512 372 3581 restitum,
391 3512 525 3590 quamsi
545 3533 635 3574 mauu
654 3513 749 3573 cultus
768 3524 979 3589 summusque
997 3531 1040 3573 es·

44 3602 102 3652 eet
148 3591 265 3651 Ubiad
290 3602 416 3651 montem
441 3592 567 3660 umescit,
589 3593 737 3661 exoratus,
759 3592 907 3667 repemina
935 3590 1040 3655 mentis

47 3671 168 3761 inpetu
187 3681 343 3758 correptus,
363 3670 478 3731 ululare
497 3671 597 3749 coepit,
619 3680 646 3731 et
659 3668 870 3732 Baoohautium
882 3688 963 3729 mors
983 3669 1040 3731 die

340 3830 377 3889 50
