2300 4059
342 68 759 159 nuauroaupnriosn
998 50 1038 111 95

58 210 159 274 cairan
170 222 232 273 erat
245 210 350 279 datura
370 211 398 269 si
411 230 464 269 rex
482 209 646 271 interfectus
667 218 747 279 esset,
761 205 893 267 victrices
907 204 1040 279 Athenas

57 293 124 352 fore.
142 293 319 352 Menoeceus
327 289 632 367 non-praetermittitur,
638 288 688 366 qui
696 285 814 347 oraculo
823 284 896 343 edito
908 284 1039 361 largitas
1139 320 1140 349 2

59 382 99 430 cst
106 372 226 447 patriae
234 391 316 430 mum
325 370 508 445 sangninem.
540 368 695 445 Iphigenia
705 365 815 427 Aulide
823 363 890 423 duci
899 382 930 423 se
938 363 1040 431 immo·
1139 408 1140 411 ,

59 448 176 511 landam
186 450 273 527 jubet
287 458 320 508 ot
333 449 455 507 bestium
464 445 736 523 maganelieiuter
749 465 805 504 rao.
836 443 964 501 Veniunt
973 441 1040 501 inde
1139 450 1140 471 t

57 528 96 587 ad
115 528 255 607 propiora
298 526 477 586 Harmodius
491 526 522 584 in
536 545 585 585 ore
599 536 626 583 et
647 524 833 600 Aristogiton,
846 521 1040 581 -tncedaemo
1139 566 1140 571 1

57 608 125 665 nius
136 606 287 674 Leorndaa
298 606 456 665 Thebanus
470 603 687 683 Epaminondas
702 603 806 679 vigent
849 601 971 660 Nostros
981 618 1040 659 non
1139 648 1140 655 ,

56 697 177 761 norunt3
199 703 459 763 quosenumerare
469 702 610 760 magnum
623 693 679 742 est:
703 682 740 741 ita
753 691 820 739 sunt
833 679 924 747 multi,
934 679 1039 756 quibus

56 761 336 843 videniusoptabiles
345 773 451 821 mortes
460 762 550 821 irrisae
562 782 616 840 pro
629 760 727 840 patria
769 760 871 841 (susc.
889 760 946 821 Qu.
963 759 985 817 1.
1002 761 1039 817 ts

55 842 86 903 ei
100 846 144 902 49.
622 896 624 899 .

96 924 123 980 9.
149 844 247 983 iteam
260 940 308 979 me
321 917 440 980 delectat
454 918 669 983 Theramenes!
694 936 781 995 quam
794 915 869 976 elato
878 914 1038 975 sanasset
1139 922 1140 959 3

55 1000 110 1059 etsi
123 998 202 1059 enirn
215 999 318 1060 flemus
327 1016 429 1075 *quum
449 998 582 1074 legimus.
596 1008 692 1055 tamen
713 1016 771 1055 non
784 994 984 1054 miserabiliter
997 994 1042 1055 ris

54 1077 154 1137 clarus
172 1078 316 1136 emoritur.
361 1077 423 1140 uui
445 1096 539 1153 quum
548 1076 694 1152 conjectus
714 1074 745 1133 in
758 1094 905 1135 carcerem
924 1074 1043 1151 triginta

50 1158 140 1235 jussu
151 1158 352 1235 'tyrannorum
367 1174 513 1213 venenum
532 1165 564 1213 ut
584 1154 684 1213 sitiens
703 1153 875 1221 obduxisset,
896 1152 1043 1230 reliquum

54 1234 100 1308 sic
121 1256 140 1295 e
157 1232 262 1312 poculo
282 1234 371 1325 ejecit,
392 1246 423 1291 ut
437 1231 466 1291 id
480 1246 640 1308 resonaret;
662 1252 718 1309 quo
731 1232 827 1293 sonitu
841 1230 958 1299 reddito.
973 1231 1044 1291 atri·

54 1314 137 1383 dens,
149 1314 280 1391 propino,
294 1312 393 1389 rnquit,
408 1314 459 1371 hoc
469 1313 592 1391 pulchro
609 1312 745 1379 Critiae‚·
766 1310 817 1388 qui
826 1310 856 1368 in
871 1329 939 1369 eum
952 1309 1046 1372 fuerat

54 1392 228 1454 teterrimus.
271 1390 382 1451 Graeci
403 1388 482 1449 enim
502 1390 533 1447 in
553 1389 694 1449 conviviis
714 1388 807 1448 solent
826 1386 1044 1457 nominaracui

55 1470 202 1549 poculum,
218 1469 350 1529 tradituri
363 1470 427 1529 sint.
470 1468 555 1529 Lusit
574 1468 619 1528 vir
640 1468 778 1546 egregius
791 1478 918 1527 extremo
932 1467 1043 1545 spiritu.

55 1570 150 1627 quum
167 1549 230 1626 jam
239 1547 414 1627 praecordiis
422 1558 587 1625 conceptam
599 1559 721 1607 mortem
734 1547 903 1607 contineret:
919 1566 1045 1625 vereque

55 1630 97 1698 eis
108 1628 157 1688 cui
171 1642 315 1698 venenum
328 1627 515 1705 praebiberat,
528 1638 650 1686 mortem
661 1637 702 1685 est
716 1646 781 1685 eam
793 1636 960 1703 auguratus,
970 1642 1047 1705 quse

55 1706 140 1768 brevi
147 1709 300 1828 copse'cuta
309 1718 358 1765 est.
400 1706 502 1788 (Tuae
519 1708 578 1769 Qu.
590 1706 683 1783 140.)

182 1879 234 1941 1v.
259 1880 417 1956 Opinim
429 1881 464 1939 de
479 1879 550 1941 Diis
562 1875 780 1957 impietatisque
790 1880 933 1977 cample!
998 1876 1001 1927 ἶ

54 1991 58 1994 ·
104 2042 127 2098 l.
152 2038 269 2111 Natura
287 2036 361 2097 duee
380 2034 579 2175 intelliffebant
598 2048 708 2097 veteres
729 2034 818 2099 deum
838 2056 910 2106 esse,
923 2036 1058 2098 sednon·

57 2116 250 2178 conveniebat
258 2116 331 2174 inter
340 2109 413 2184 ilios,
423 2117 474 2192 qni
506 2116 578 2175 deus
591 2127 671 2176 esset
695 2118 795 2194 Itaque
808 2128 1047 2208 quumtprannus

59 2196 159 2257 Hiero
167 2194 354 2272 quaesivisset
366 2193 403 2253 de
416 2195 572 2261 Simonide.
583 2216 642 2255 non
649 2206 731 2273 poeta
739 2196 1048 2265 adornamentorum

58 2276 150 2335 etism
163 2274 245 2333 docto
252 2274 443 2350 sapienteque‚
457 2273 527 2350 quid
537 2274 609 2334 deus
618 2286 699 2343 esset,
710 2274 887 2334 deliberandi
895 2294 982 2333 eausa
991 2274 1048 2335 sibi

58 2372 159 2414 unum
169 2352 245 2412 diem
256 2351 416 2428 postulavit.
448 2354 551 2414 Quum
570 2354 647 2412 idem
656 2374 692 2411 ex
702 2374 735 2413 eo
746 2354 881 2431 postridie
889 2364 1047 2431 quaereret,

58 2431 187 2491 biduum
200 2430 304 2508 petivit
349 2432 451 2493 Quum
464 2433 583 2508 saepius
595 2431 754 2509 duplicaret
762 2452 917 2492 numerum
926 2433 1047 2502 dierum,
1139 2432 1140 2437 ’

59 2510 269 2587 admiransque
277 2509 376 2570 »Hiero
386 2509 550 2591 requireret1
559 2531 613 2571 cur
627 2512 666 2569 ita
673 2511 785 2581 faceret,
794 2512 865 2587 pauiu
879 2522 992 2589 quanto,
1007 2512 1052 2570 in·

60 2590 134 2658 arsit,
144 2591 257 2649 diutiss
266 2589 420 2657 maduo,
435 2592 598 2649 teutonibi
612 2592 943 2650 praecantabantur.
986 2591 1049 2672 (Da

62 2671 133 2730 Nat
153 2668 240 2737 Deor.
257 2668 278 2725 1.
293 2667 355 2743 22.)

103 2752 132 2807 2
156 2747 331 2822 Protagoras
344 2743 504 2813 Abderites,
526 2745 668 2823 sophistes
687 2746 863 2823 temporibus
875 2745 944 2806 belli
967 2745 1051 2807 Pelo·

59 2824 232 2904 pennesiaci
245 2821 292 2881 vel
306 2822 459 2892 maximus,
473 2843 564 2900 quum
579 2825 609 2884 in
624 2825 764 2903 principio
775 2824 840 2884 libri
854 2826 952 2893 suisio
965 2844 1051 2903 posu·

60 2906 150 2963 isset:
161 2908 196 2964 de
202 2904 273 2963 Diis
279 2922 366 2977 neque
372 2911 405 2961 ot
411 2903 477 2971 ent,
484 2924 572 2979 neque
578 2914 674 2963 atrion
680 2904 950 2973 sintfiebeodicere,
962 2904 1050 2963 Athe·

59 2982 212 3041 niensium
222 2981 389 3062 jussnnrbe
401 2991 485 3057 atque
494 3000 567 3058 agro
576 2992 618 3040 est
631 2982 843 3050 exterminatus,
852 2982 975 3059 librique
988 2982 1050 3059 ejus

59 3061 94 3119 in
109 3061 249 3119 concione
263 3058 410 3120 combusti.
453 3060 515 3140 (De
530 3062 596 3119 Nat.
615 3061 700 3120 Deor.
714 3060 735 3118 Ι.
752 3061 812 3136 23)
1010 3068 1012 3072 '

104 3144 131 3198 3.
157 3138 302 3213 Diagoras
322 3157 414 3214 quum
436 3138 664 3199 Samothraciam
686 3139 815 3209 venisset,
831 3138 941 3201 Atheos
962 3142 1049 3221 (iius)

60 3216 115 3277 ilie
130 3216 181 3294 (ini
202 3215 313 3282 dicitur,
328 3226 412 3292 atque
433 3216 459 3273 ei
480 3218 598 3294 qnidam
621 3217 739 3285 amicus,
761 3229 791 3276 tu
813 3218 862 3294 qui
886 3218 954 3277 deos
968 3230 1050 3297 putas

59 3296 195 3355 humana
209 3293 369 3371 negligere,
384 3314 480 3353 nonne
500 3296 706 3355 animadvertis
727 3316 763 3355 ex
777 3307 816 3355 tot
829 3294 934 3355 tabulis
955 3298 1049 3375 pictis,

58 3394 155 3453 qnam
167 3372 252 3432 mnlti
266 3374 339 3431 votis
352 3373 411 3431 virn
424 3377 597 3452 tempestatis
606 3374 766 3451 effugerint,
777 3376 808 3433 in
818 3386 987 3452 portumque
997 3374 1051 3442 sal·

59 3453 305 3533 vipervenerinti
328 3451 428 3520 itant,
435 3451 540 3530 inquit:
556 3456 606 3514 illi
614 3457 688 3514 enim
695 3474 833 3529 nosquam
840 3450 993 3529 pictisont
1002 3456 1052 3533 qni

60 3531 384 3610 naufragieseceruat
396 3532 429 3589 in
437 3535 567 3609 marique
573 3530 911 3609 perierant-idemque
919 3552 1010 3610 quum
1024 3536 1062 3597 ei·

59 3610 217 3690 naviganti
223 3621 359 3675 vectores,
368 3609 489 3669 adversa
502 3624 666 3689 tempestate
674 3611 767 3669 timidi
776 3622 802 3669 et
820 3612 969 3689 perterriti,
979 3613 1052 3674 dice-

61 3703 137 3762 rent.
146 3696 206 3751 non
213 3688 321 3768 injuria
329 3689 384 3748 sibi
391 3684 465 3750 iliud
473 3690 609 3761 accidere,
620 3691 670 3767 qui
678 3690 763 3750 ilium
773 3690 804 3751 in
813 3688 935 3754 eandem
947 3712 1052 3758 navem
