2300 4059
116 99 153 161 li
445 120 506 161 us
518 118 779 163 transrenensis

113 252 251 315 libertatis
264 265 345 324 esset,
358 256 473 317 tandem
487 258 613 335 Hippius
627 276 718 335 regne
732 256 833 334 pusus
846 256 876 316 in
886 254 1031 325 'exsilium
1044 249 1104 333 egi

112 343 167 403 tur,
181 335 253 393 etin
267 336 399 395 Persium
412 338 562 415 proiectus,
576 338 675 405 Dario,
685 336 914 396 Atheniensibus
922 333 1105 406 bellum-illa·

112 422 185 495 turo,
206 412 310 477 ducem
320 433 361 473 se
374 415 513 477 adversus
526 417 647 493 petriam
659 416 748 475 offert
792 413 885 491 Igitur
899 414 1103 484 Athemienses,

113 492 216 551 nuntio
230 492 266 551 de
280 494 437 552 Persarum
449 494 572 553 sdventu
586 510 709 572 eccepto,
723 494 865 566 auxilium
878 513 897 552 e
912 492 1104 552 tecedmmc

113 571 172 632 uiis
183 574 351 649 petiverunt
395 575 478 635 Quos
487 574 538 634 ubi
547 573 680 633 viderunt
694 573 842 649 religionel
858 573 981 642 retineri,
993 570 1105 648 quomi-

113 667 170 708 nus
190 651 286 709 stetim
306 651 451 711 auxilium
471 653 583 722 ferrent.
611 672 671 711 uon
689 663 849 729 exspectata
862 670 965 711 eorum
977 670 1042 727 ope,
1063 651 1104 709 in·

113 730 227 789 structis
240 728 341 789 decem
354 731 484 791 millibus
491 731 614 800 civium.
639 743 665 791 et
679 730 896 791 Plataeensibus
910 729 1104 789 auxiliaribus

113 806 203 876 mille,
217 808 247 867 in
260 829 379 889 campos
392 810 602 871 Memnonios*
614 810 645 869 in
655 810 798 887 proelium
808 809 1004 887 egrediuntur.
1037 806 1105 866 Mil·

112 885 203 945 tiedes
216 899 277 945 eret
289 908 367 947 unus
380 888 488 948 ducum
501 888 651 958 exercitus,
675 890 794 966 ejusque
813 888 994 966 potissimum
1009 896 1104 945 aucte

113 963 196 1025 ritate
208 966 326 1045 impulsi
341 968 534 1029 Athenienses
547 968 646 1045 copies
659 988 696 1027 ex
710 968 782 1027 urbe
794 966 963 1035 eduxerunt.
981 966 1104 1041 locoque

113 1042 218 1104 idoneo
232 1058 324 1105 cestre
337 1047 471 1107 iecerunt.
516 1046 630 1107 Deinde
652 1057 764 1125 postero
784 1046 830 1105 die
843 1046 897 1105 sub
910 1046 1017 1103 montis
1032 1042 1104 1103 redi-

111 1122 196 1182 tibus
209 1124 286 1183 ecies
300 1125 457 1187 instruitur.
495 1126 586 1195 Datis,
598 1128 757 1186 Persarum
767 1125 834 1193 dur,
844 1124 896 1183 etsi
907 1144 965 1183 non
974 1141 1104 1199 aequum

114 1198 221 1261 Ιοόιιιιι3
240 1202 352 1264 videbat
365 1205 434 1274 suis,
452 1217 556 1273 tumen.
570 1206 659 1264 fretus
673 1224 795 1264 numero
808 1204 958 1281 copiarum
971 1220 1103 1270 suarum⁴

113 1282 274 1358 confligere
283 1283 420 1362 cupiebat
451 1286 550 1361 [tuque
560 1286 592 1343 in
600 1286 694 1344 eciem
703 1282 831 1361 peditum
840 1293 964 1351 centum,
972 1282 1104 1357 equitum

114 1358 216 1419 decem
235 1362 329 1423 millis
348 1362 490 1453 produxit,
511 1364 711 1441 proeliumque
731 1361 881 1421 commisit
925 1361 1104 1418 Tentavere

114 1439 343 1501 Atheniensibus
352 1462 383 1499 m
393 1462 523 1519 pugnem
530 1442 664 1501 euntibus
676 1441 809 1501 alacritas
822 1440 986 1499 animorum
1001 1438 1062 1508 suit
1074 1449 1104 1495 ut

113 1535 207 1594 quum
230 1519 313 1577 mille
333 1540 437 1597 pessus
458 1522 532 1581 inter
552 1521 625 1579 dues
644 1521 722 1579 ecies
742 1530 844 1587 essent,
865 1518 948 1577 citato
962 1536 1052 1577 cursu
1066 1516 1104 1575 cd

114 1594 226 1655 bostem
239 1599 375 1657 venirent.
420 1600 485 1658 Nec
498 1599 640 1658 induciae
650 1600 779 1658 eventus⁴
793 1596 888 1657 defuit.
931 1597 1104 1672 Pugnatum

113 1676 158 1733 est
166 1676 245 1733 enim
256 1686 337 1734 tantu=
344 1679 454 1747 virtute,
464 1690 495 1735 ut
505 1680 613 1738 Persae
623 1678 763 1755 perterriti
777 1696 835 1735 nun
848 1680 940 1735 cestre
952 1675 1003 1733 sed
1014 1692 1104 1735 neves

114 1764 248 1833 peterent,
261 1755 417 1833 exquibus
429 1756 538 1817 multae
550 1758 742 1835 suppressus,⁶
754 1754 861 1817 multee
874 1766 974 1833 ceptae
986 1764 1063 1813 sunt

130 1960 134 1965 ·
182 1932 222 1993 6.'
238 1934 364 1999 tenetis
377 1936 599 2014 initloproetio
613 1937 788 1996 documenta.
831 1936 914 2019 (Just.
931 1932 971 1993 11.
986 1933 1030 2012 9.)

157 2082 193 2141 ln
206 2080 258 2140 illo
270 2083 381 2160 proelio
399 2094 479 2143 tante
491 2083 583 2143 virtus
603 2082 788 2161 singulorum
809 2082 868 2151 luit.
888 2092 920 2140 ut
940 2080 1026 2158 cujus
1040 2080 1103 2141 leus

135 2160 210 2219 rime
228 2173 309 2230 esset
331 2161 449 2223 difficile
469 2161 545 2222 dictu
564 2160 717 2222 videretur.
761 2163 840 2221 Inter
860 2173 987 2221 caeteros
1006 2172 1104 2219 temen

146 2238 322 2300 hemistoclis
334 2239 523 2303 adolescentis
540 2240 636 2318 glorie
650 2240 773 2301 emicuit
816 2239 960 2319 Cynegiri
981 2258 1102 2317 quoque,
1140 2260 1141 2301 ι

114 2318 216 2378 militis
226 2319 421 2388 Atheniensis,
432 2319 526 2397 gloria
539 2319 697 2381 multorum
706 2322 878 2398 scriptorum
887 2318 1023 2379 leudibus
1032 2318 1103 2378 cele·
1140 2304 1141 2352 l

113 2395 269 2458 breuem
299 2399 360 2461 Qui
375 2403 438 2476 post
451 2400 619 2459 innumeras
640 2398 749 2468 caedes,
770 2418 861 2477 quum
881 2398 1027 2475 fugientes
1041 2396 1103 2456 bos·
1139 2412 1140 2421 ¹

113 2485 157 2535 tes
169 2475 206 2533 ed
218 2494 308 2535 neves
321 2479 434 2553 egisset,
448 2490 583 2537 onustum
595 2498 701 2537 navem
714 2477 812 2539 dextre
825 2496 914 2537 manu
927 2476 1029 2557 tenuit,
1048 2496 1101 2535 nec

113 2555 196 2632 prius
209 2554 323 2624 dimisit,
346 2574 434 2634 quam
447 2576 568 2616 menum
588 2558 734 2625 emitteret
755 2568 817 2615 tum
829 2576 943 2635 quoque
956 2566 1103 2632 amputate

113 2632 221 2704 dextre,
241 2655 347 2695 navem
367 2635 483 2694 sinistre
502 2636 735 2715 comprehendit3
756 2654 844 2712 quem
865 2647 891 2694 et
905 2638 998 2712 ipsum
1011 2653 1102 2711 quum

112 2713 262 2783 emisisset,
275 2713 312 2773 ed
325 2730 502 2792 postremum
515 2734 616 2775 morsu
629 2734 732 2774 nerem
746 2714 869 2774 retinuit.
901 2715 1010 2773 Persae
1024 2732 1103 2789 meg

98 2795 181 2850 ”num
196 2792 255 2851 vim
270 2792 422 2853 hominum
435 2814 470 2854 eo
483 2792 595 2872 proelio
607 2794 772 2853 emiserunt.
809 2792 921 2853 cecidit
931 2804 958 2851 et
968 2793 1102 2870 Hippias,

112 2870 253 2949 tyrannus
268 2872 463 2944 Atheniensis,
474 2884 573 2931 auctor
587 2883 615 2932 et
628 2874 755 2933 concitos
762 2869 828 2949 ejus
839 2870 916 2941 belli¹
927 2870 984 2931 diis
994 2871 1103 2949 petriss

112 2948 254 3009 uentus
266 2970 377 3029 pcenm
389 2952 588 3033 repetentibus.

132 3129 160 3187 ι.
182 3128 287 3188 inm
300 3129 440 3190 netues
454 3130 586 3191 tetum.
629 3130 730 3214 (com.
747 3094 822 3209 nep.
835 3128 904 3191 vm
917 3128 992 3189 Mne
1005 3128 1083 3206 ee.)

151 3277 218 3337 tem
230 3294 288 3335 non
301 3274 432 3337 alienum
444 3275 564 3347 videtur,
578 3276 667 3353 liujus
680 3276 818 3337 victorine
827 3277 916 3355 qtule
927 3278 1101 3354 prsemiurn‘
1137 3318 1138 3323 ι

113 3355 240 3432 Miltiadi
252 3367 288 3414 stt
301 3355 438 3437 tributum
450 3354 561 3415 docere.
605 3356 686 3417 Huic
699 3358 770 3425 viro,
794 3356 843 3434 qui
859 3355 991 3437 Athenes
1005 3366 1101 3415 totam·
1137 3334 1138 3400 l

112 3452 170 3513 que
183 3434 339 3494 Graeciam
348 3435 489 3505 liberaret,
498 3432 547 3494 hic
556 3435 649 3494 honor
658 3434 780 3495 tributus
789 3446 838 3505 est,
847 3445 886 3505 ut.
895 3452 989 3511 quum
998 3434 1031 3493 in
1041 3452 1101 3511 por·

111 3514 178 3582 tien
192 3532 267 3591 quae
282 3514 408 3573 Poecile²
423 3524 548 3584 vocetur,
569 3532 670 3591 pugne
685 3513 892 3592 depingeretur
907 3512 1099 3579 Marathonia.
1136 3518 1137 3595 l

109 3591 262 3662 indecem
283 3594 459 3669 praetorum·
476 3610 599 3651 numero
620 3592 714 3669 prime
733 3593 798 3668 ejus
818 3593 915 3673 imago
936 3603 1099 3669 poneretur,
1136 3602 1137 3651 5

111 3668 219 3743 milites
237 3668 389 3744 hortentis'
406 3664 607 3749 proeliumque
627 3669 834 3731 committentis.
878 3666 1100 3747 Antiquissimi
1136 3664 1137 3750 l

111 3744 192 3802 enim
203 3749 379 3824 tenporibus
391 3748 451 3807 rsri
463 3748 579 3808 fuerunt
592 3747 720 3809 honores
727 3760 754 3808 et
766 3752 895 3821 tenuesl'
907 3760 934 3811 et
944 3760 1063 3829 propter
1071 3744 1101 3810 id
