2300 4059
82 64 103 125 8
236 80 302 123 rar
317 80 503 125 columma
517 82 664 125 sanari.
676 83 915 129 rsorosrrmrts.

83 218 149 281 bant
157 222 283 301 juvenes
293 222 430 292 venando,
449 224 596 292 corrado,
611 186 766 294 esurienda
780 202 910 295 sitiendo,
929 224 1065 306 algendo.
1147 175 1148 192 Χ

82 301 303 456 mimam
324 378 485 439 adhibenda
507 390 548 439 est
569 328 733 441 moderatio.
774 381 875 441 Virtus
891 382 1067 444 oemitnrr’a

83 458 204 535 agendo
246 457 354 517 Poenis
374 458 445 519 mali
459 479 479 517 a
496 462 641 535 peccando
653 461 852 521 absterrentur.
893 460 932 521 In
944 464 1067 541 legendo

82 556 170 617 apum
182 535 365 615 prudentiam
377 537 483 597 imitari
494 536 638 598 debemus.
964 538 967 542 ’

161 686 317 747 Exercitus
329 707 406 764 upon
420 688 465 747 tte
483 686 578 758 ,Verba
592 688 813 761 Miscellaneam
826 690 997 751 &mamea-

64 822 72 852 f
82 754 241 901 [Fatua
262 808 345 868 lente
387 808 437 869 Ne
455 818 562 867 temere
578 810 681 887 jurato.
722 812 830 888 Sapere
849 782 953 879 andei
972 811 1066 871 Pueri

45 910 55 964 s
82 898 199 965 parento
219 887 383 964 majoribus.
427 888 526 947 Nosce
545 900 573 945 te
589 888 692 965 ipsum.
732 890 784 970 Ne
798 890 925 968 repellite
937 889 1068 952 salubria

43 975 46 991 ¹
80 964 207 1027 consilia.
248 964 393 1027 Fateresi
413 965 673 1044 quid‘peocavisti.'
706 967 842 1045 loquore
853 968 956 1029 rarius.
997 968 1069 1029 Irni-
1114 989 1120 992 ·

63 1038 141 1182 talr'e
162 1044 258 1135 b.⁰n⁰⁸:
301 1044 468 1122 Obsequere
488 1044 682 1123 prudeutssms.
724 1047 916 1125 lue-quasvis
941 1046 1071 1127 injuriae

80 1142 262 1183 uorsmmrnr.
566 1162 568 1165 -

87 1238 90 1247 .
121 1202 152 1261 Si
174 1200 341 1279 probitatem
361 1200 478 1269 amabis,
500 1210 527 1259 et
547 1200 620 1279 ipse’
644 1221 663 1260 a
683 1202 779 1279 probis
800 1203 949 1262 amaberis.
991 1203 1067 1263 Mox

62 1222 162 1423 (nabis
175 1279 238 1339 sine
251 1279 362 1339 cortice.
405 1280 440 1338 In
454 1278 557 1357 quibus
578 1278 694 1339 sedibus
709 1278 901 1340 habitabimus
913 1292 976 1360 post
988 1301 1068 1342 mor·

79 1360 157 1427 tamt
185 1360 326 1436 ¹Sequere
338 1378 393 1428 me,
413 1376 467 1419 nec-
481 1357 597 1419 errabis.
611 1361 623 1434 1
641 1360 703 1420 Qui
715 1378 748 1418 se
760 1359 856 1437 ipsum
869 1380 929 1419 non
941 1372 1067 1431 coercet
1080 1399 1083 1404 ·

79 1456 195 1497 earcere
214 1448 242 1497 et
261 1436 386 1497 vinculis
404 1436 589 1498 coercebitur.
631 1436 734 1496 Virtus
746 1458 841 1515 neque
853 1438 994 1507 incendio,
1015 1459 1068 1500 ue-

79 1532 136 1593 que
148 1516 300 1592 naufragio
317 1515 466 1575 amittetur.
510 1517 640 1593 Tempus
661 1517 727 1585 ruit,
748 1518 851 1578 oteito
867 1516 969 1577 ultima
988 1516 1067 1578 bora

78 1594 266 1672 superveniet
308 1593 476 1671 Improbum
496 1604 523 1653 et
543 1594 696 1654 scelestum
713 1596 1067 1657 malaconsrientiamm·
1147 1601 1149 1607 “

61 1722 63 1726 .
79 1690 166 1749 quam
186 1691 245 1731 non
258 1672 438 1733 comitabitur
451 1683 478 1731 et
490 1672 635 1747 oruciabit
654 1673 779 1734 *Bonus
791 1674 882 1733 bonos
895 1674 1065 1747 imitabitur,

113 1770 179 1809 rum
199 1770 236 1811 ue
249 1750 371 1826 vestigia
384 1761 524 1827 sequetur.

117 1768 245 1887 Surdum
258 1839 285 1887 et
298 1827 443 1905 stupidum
457 1828 584 1887 docendo
598 1848 714 1905 operam
726 1813 1006 1967 perdidistiJReote
1014 1831 1066 1910 ju·

68 1904 163 1975 'diona
178 1916 211 1975 et,
225 1916 256 1964 ut
269 1915 382 1964 veteres·
391 1906 553 1983 loquuntur,
568 1925 630 1964 rem
643 1926 699 1967 acu
711 1906 835 1983 tetigisti.
896 1908 983 1967 tultos
994 1909 1066 1969 arti-

76 1983 131 2044 bus
151 1981 209 2044 tuis
231 1984 362 2052 fefellisti,
382 1984 536 2063 prudentes
556 2004 614 2043 nou
628 1984 717 2044 falles.
759 1985 885 2044 Romani
898 1985 1065 2064 antiquissi-

76 2063 133 2121 mis
145 2063 321 2139 temporibus
342 2061 456 2121 foedera
478 2082 546 2123 oum
569 2062 666 2122 Carth‘
701 2063 708 2075 ⁰
733 2062 858 2140 ’enodius
877 2064 1061 2143 pepigerunt

76 2142 137 2207 Res
151 2141 226 2200 male
239 2139 350 2211 cedidit,
363 2152 525 2199 nonvestra
538 2142 631 2219 culpa,
708 2143 927 2203 fortunaeoasu
994 2208 999 2215 ⁴

116 2220 244 2280 Catilina
256 2237 345 2278 ausus
360 2228 401 2277 est
414 2218 596 2279 consulatum
609 2220 639 2278 vi
652 2232 679 2278 et
690 2221 780 2279 armis
793 2232 894 2299 petere.
930 2222 1063 2282 Alexan·

56 2296 127 2355 'der
149 2317 298 2376 nunquam
320 2316 379 2355 non
400 2296 529 2357 fortunae
550 2308 577 2357 et
597 2298 754 2359 fortitudini
775 2319 847 2359 suae
864 2299 991 2359 confisus
1004 2312 1059 2363 est

61 2376 198 2450 :Frustra
218 2375 329 2436 inimici
349 2376 436 2435 caede
458 2377 575 2452 gavisus
597 2393 657 2447 es.)
678 2377 792 2455 Captivi
812 2378 890 2457 apud
906 2380 1061 2439 Romanos

75 2454 130 2530 s'ub
143 2453 402 2514 hasta³venierunt
439 2454 529 2513 Pueri
541 2474 601 2513 uon
613 2455 753 2532 morigeri
766 2458 909 2535 vapulant
944 2456 1062 2534 Gigan-

74 2542 116 2591 tes
129 2534 243 2595 coelum
256 2533 345 2593 armis
358 2543 453 2611 petere
466 2531 530 2592 ausi
543 2543 616 2593 sunt

227 2700 293 2742 'rm
307 2698 492 2747 consummo
502 2700 651 2744 ,sutum
666 2698 908 2743 PROPOSI'HONB.

430 2802 689 2899 By'Gompariaon.

115 2942 210 3001 Canes
225 2940 318 3001 Indici
332 2940 500 3019 grandiores
514 2952 587 3010 sunt,
602 2941 688 3019 qu'um
702 2942 813 3002 caeteri.
855 2940 981 3003 Nullum
994 2962 1057 3004 ma.

74 3021 134 3081 lutn
150 3030 191 3080 est
204 3019 401 3081 vehementius
417 3032 444 3079 et
462 3021 651 3097 importunius
665 3040 752 3098 quam
767 3020 881 3080 invidia
923 3021 1056 3083 Praestat

72 3099 147 3161 mori
169 3118 255 3189 quarn
278 3098 393 3157 servire.
409 3100 471 3192 'In
491 3099 637 3157 montibus
666 3112 718 3159 aar
734 3098 834 3177 purior
847 3108 890 3157 est
901 3108 928 3157 et
940 3098 1056 3159 tenuior

72 3196 159 3253 quam
172 3196 204 3235 m
216 3177 346 3239 vallibus.
389 3178 504 3236 Aestate
525 3176 587 3235 dies
607 3187 673 3236 sunt
686 3177 833 3255 longiores
846 3196 934 3253 quam
946 3176 1053 3239 hieme.

73 3254 298 3347 Margaritamm
313 3253 480 3315 Indioarum
500 3256 579 3315 color
592 3265 635 3315 est
648 3255 755 3333 purior,
773 3274 862 3335 quam
873 3255 1055 3335 reliquarum

72 3351 210 3395 omnium.
921 3347 930 3370 ¹

367 3474 523 3555 Abridged
539 3474 734 3551 comparum.

111 3590 196 3655 Nihil
209 3602 251 3653 est
265 3594 424 3657 enacmin*
438 3592 571 3657 divinius.
606 3596 724 3655 Aurum
737 3592 856 3671 gravius
868 3602 912 3652 est
925 3601 1053 3675 urgento
