2300 4059
119 72 173 138 ΕΓ
419 90 620 135 :nonnosus
636 71 810 137 insursu.

8 272 10 282 ,
118 222 171 289 rhi'
179 227 248 299 tilio,
261 224 389 289 funditus
402 217 501 299 victus,
515 248 584 289 cum
597 241 705 309 septem
718 230 869 291 comitibus
877 230 1104 310 fugiensnlut'n

8 357 9 376 i
118 306 242 372 latebm
255 308 287 369 iu
299 307 453 381 solitudine
466 311 584 423 quaerit.
1145 390 1146 437 1

124 417 131 436 ·
180 469 226 527 56.
248 468 698 556 Argutoppsgaoatocciditat.
740 469 823 549 (Just
839 468 942 529 XXV.
957 472 983 539 4,
999 470 1045 547 5.)

160 624 300 701 Pyrrhus
309 634 413 694 autem
426 625 458 685 in
466 636 544 686 tanto
557 623 671 701 fastigio
686 624 770 701 regni
783 624 947 694 collocatus,
964 626 1106 685 Graeciae

120 702 269 779 Asiaeqne
276 700 430 779 imperium
441 702 617 779 mediatos«
643 702 835 763 Primumdlli
848 703 959 763 bellum
968 703 1106 762 adversus

120 783 277 858 Spartanos
290 781 358 839 fuit:
379 783 430 841 ubi
451 783 560 859 majore
580 782 738 841 mulierum
758 801 845 860 quam
859 782 992 841 virorum
1006 784 1106 841 virtute

120 871 264 937 exceptus,
280 858 482 921 Ptolemaemn
500 860 601 929 filiurn,
616 872 643 919 et
665 861 808 919 exercitus
823 873 933 937 partem
946 860 1107 919 robustissi-

119 957 199 996 mam
212 938 315 997 amisit.
359 939 543 998 Ptolemaeus
551 939 581 996 in
591 941 803 1016 oppugnatione
816 940 895 997 urbis
905 958 1002 1015 usque
1012 939 1044 997 in
1052 959 1107 997 me

120 1014 199 1075 diam
212 1018 312 1077 urbem
326 1028 514 1095 procurreret,
528 1018 579 1077 ubi
593 1036 735 1076 concursu
743 1016 934 1077 multitudinis
942 1018 1107 1077 interfectus

119 1107 168 1155 est
211 1097 306 1173 Cujus
317 1116 422 1173 corpus
435 1107 467 1155 ut
486 1095 608 1155 relatum
621 1106 663 1154 est
682 1088 771 1175 palri-¹
777 1095 884 1155 dixisse
904 1095 1062 1175 Pyrrhum
1074 1097 1108 1155 le

119 1185 195 1245 runt,
209 1176 362 1253 aliquanto
376 1176 491 1235 tordius
505 1196 574 1243 eum,
586 1196 671 1251 quum
683 1177 816 1236 tinuerit
824 1179 890 1251 ipse,
904 1176 950 1233 oct
959 1177 1108 1235 temeritas

115 1260 183 1330 ejas
194 1255 337 1333 meruerit,
345 1256 465 1314 occisam
476 1271 539 1313 cuc.
563 1255 865 1333 IpsePyrrhusquum
877 1276 895 1313 a
905 1244 1059 1331 Spartanis
1069 1274 1107 1311 re

118 1331 221 1411 pulsus
236 1337 335 1410 Argos
345 1334 477 1411 petiisset,
487 1334 527 1392 ibi
535 1334 610 1392 inter
617 1332 838 1392 confertissimos
848 1332 1059 1393 violentissime
1070 1332 1108 1391 di·

118 1412 232 1471 micans
245 1431 314 1470 saxo
323 1412 458 1471 demuris
468 1412 541 1470 ictus
549 1410 694 1471 occiditur.
736 1412 811 1471 Satis
820 1422 955 1471 constans
963 1411 1042 1471 inter
1051 1431 1108 1470 om-

118 1508 173 1551 aes
184 1501 315 1567 auctores
328 1491 404 1549 fama
417 1502 466 1561 est,
480 1488 597 1549 nullum
609 1510 663 1548 nec
683 1492 751 1569 ejus,
766 1510 819 1549 nec
832 1491 993 1567 superioris
1007 1490 1106 1549 aetatis

8 1610 11 1647 3
119 1586 220 1645 regem
233 1569 459 1645 comparandum
473 1568 590 1648 Pyrrho
604 1570 699 1628 fuisse.
742 1570 821 1628 Nam
831 1579 857 1627 et
870 1570 945 1628 ritae
958 1570 1106 1629 sanctitate

117 1657 203 1724 atque
213 1646 323 1723 justitia
335 1648 457 1725 optimos
470 1667 600 1725 quosque
613 1649 767 1725 aequabat;
789 1648 906 1707 scientia
920 1646 1108 1705 rcimilitar'm

118 1725 260 1865 ffiims
270 1726 428 1805 superabat,
443 1726 621 1803 patriamque
634 1746 718 1785 suam
726 1736 880 1803 angustam
894 1738 920 1785 et
933 1725 1107 1803 ignobilem,

192 1824 306 1883 ‘rerum
320 1817 466 1882 gestarum
478 1815 535 1863 toto
548 1806 616 1865 orbe
625 1804 767 1864 illustrem
781 1804 908 1865 reddidit

119 1994 166 2053 ot.
189 1992 359 2067 Antigonus
374 1992 477 2051 Gallos
485 2008 593 2067 magau
604 1992 715 2067 woclin
722 1990 834 2068 fundit.
856 1990 1107 2057 Bellat'ntcffln·

247 2072 370 2129 udonus
382 2081 409 2129 et
422 2072 573 2147 Epirotas
615 2072 699 2151 (Just.
715 2070 833 2130 XXVI.
852 2075 877 2139 1,
889 2074 916 2138 2,
930 2069 973 2147 3.)

131 2269 141 2307 4
159 2219 230 2287 Post
249 2238 372 2286 mortem
401 2226 512 2307 Pyrrhi
531 2247 591 2287 non
618 2220 652 2287 in
671 2224 843 2287 Macedonia
861 2236 982 2297 mutum,
1003 2246 1109 2287 verum
1145 2246 1146 2313 p

117 2305 205 2380 etiam
218 2306 248 2363 in
263 2307 337 2366 Asia
352 2307 532 2383 Graeciaque
546 2304 647 2382 magni
658 2305 802 2374 bellorum
812 2316 905 2364 motus
917 2304 1017 2383 suere;
1040 2306 1109 2365 eiri—
1145 2316 1146 2375 ᾗ

116 2384 366 2461 cotesquemutuis
385 2387 504 2444 interae
517 2383 590 2452 odiis
613 2384 644 2441 in
665 2384 774 2443 bellum
787 2384 913 2443 ruebant.
957 2384 1039 2443 Inter
1054 2385 1108 2444 hos
1145 2390 1146 2397 ’

116 2474 213 2522 motus
227 2464 400 2541 Antigonus,
414 2464 464 2539 qui
486 2464 515 2523 in
524 2459 714 2522 Macedoniae
728 2482 851 2541 regnum
865 2462 998 2543 redierat,
1014 2482 1108 2541 quum
1145 2532 1146 2539 ἵ

116 2540 279 2619 rrrrrltiplici¹
290 2542 366 2602 bello
379 2554 406 2600 et
419 2541 588 2601 Ptolemaeil
603 2542 682 2619 regis
696 2554 722 2603 et
737 2544 942 2620 Spartanorum
962 2560 1110 2619 premere

116 2631 170 2692 tur,
184 2640 334 2697 novusque
353 2622 381 2679 ei
402 2621 500 2689 hostis,
515 2619 738 2700 Gallograeciae
757 2621 906 2691 exercitus,
927 2620 1111 2688 affluxisse*

116 2720 207 2777 parva
228 2720 318 2759 manu
338 2700 480 2758 adversus
500 2712 627 2759 caeteros
648 2698 753 2767 relicta,
768 2698 905 2759 adversus
920 2697 1028 2757 Gallos
1041 2700 1109 2758 totis

116 2779 227 2839 uuum
240 2779 436 2855 proficiscitur.
478 2778 568 2846 Galli,
582 2797 672 2856 quum
690 2778 799 2837 hostiae
812 2789 876 2837 ante
896 2776 1032 2854 pugnam
1045 2798 1109 2837 cae·

109 2863 171 2915 sae
181 2857 336 2915 infaustum
355 2878 472 2936 pugnae
485 2858 594 2915 exitum
614 2849 818 2934 portendeient,
833 2857 864 2915 in
884 2855 1015 2915 furorem
1029 2857 1108 2915 versi

117 2936 256 3011 conjuges
270 2935 298 2993 et¹
310 2935 415 2994 liberos
435 2955 503 2995 suos
516 2934 665 3005 trucidant,
680 2936 848 3012 cruentique
862 2954 898 2995 cs
911 2938 1023 2995 recenti
1044 2956 1109 2995 suo

117 3032 184 3072 rum
204 3014 292 3072 caede
321 3015 353 3072 in
372 3014 517 3091 proelium
545 3014 771 3091 proficiscuntur.
824 3016 932 3073 Omnes
954 3014 1108 3075 occidione

117 3092 201 3151 caesi.
244 3094 314 3151 Post
334 3093 421 3169 hujus
442 3113 558 3171 pugnae
572 3104 713 3161 eventum,
729 3094 911 3153 Ptolemaeus
925 3104 952 3151 et
970 3094 1107 3172 Sparnoi

116 3170 255 3230 rictorem
275 3170 400 3230 hostiurn
420 3173 577 3231 exercitum
598 3171 781 3241 declinantes,
795 3174 827 3230 in
839 3172 943 3231 tutiora
956 3192 990 3230 se
1006 3172 1107 3252 recipi·

118 3261 175 3308 unt.
217 3251 384 3325 Antigonus
393 3247 443 3309 ubi
462 3270 563 3309 eorum
584 3249 743 3309 discessum
757 3250 839 3321 videt,
859 3249 970 3309 bellum
985 3251 1108 3311 Atheni

117 3329 235 3388 ensibus
261 3330 351 3389 infert.
395 3332 430 3396 lu
451 3348 509 3406 quo
528 3348 620 3405 quum
646 3341 802 3407 occupatus
823 3341 903 3398 esset,
926 3330 1105 3399 Alexander,

117 3426 170 3466 rex
183 3408 277 3485 Epiri,
290 3407 393 3466 ulcisci
405 3419 525 3467 mortem
536 3407 628 3485 patris
648 3408 758 3487 Pyrrhi
772 3409 899 3487 cupiens,
914 3408 990 3483 lines
1011 3410 1107 3469 Mace

118 3483 221 3544 doniae
234 3486 429 3562 depopulatur.
471 3484 621 3544 Adversus
632 3506 718 3563 quem
728 3507 819 3564 quum
833 3506 970 3547 reversus
980 3508 1001 3547 a
1016 3490 1106 3549 Grac·

118 3563 164 3619 cia
184 3564 350 3637 Antigonus
369 3565 450 3629 esset,
469 3564 637 3622 transitione
657 3566 783 3626 nrilitum
797 3564 964 3634 destitutus,n
977 3585 1106 3643 regnum

119 3638 308 3697 Macedoniae
327 3660 395 3699 oum
414 3643 541 3699 exercitu
561 3644 669 3703 amittit
713 3645 812 3721 Hujus
833 3644 911 3703 filius
928 3644 1106 3713 Demetrius

27 3751 50 3777 .
118 3726 191 3789 puer
210 3715 374 3786 admodum,
386 3718 502 3778 ahsente
521 3729 608 3796 patre,
628 3733 758 3801 reparato
779 3722 916 3793 exercitu,
935 3740 997 3784 non
1010 3724 1108 3787 solum
