2300 4059
337 126 565 170 uarsarrouss
581 128 765 171 sanniones.
995 112 1044 175 991
1139 180 1140 191 2

100 275 124 331 5.
146 245 365 347 Theophrastus
377 267 514 338 moriens.
524 258 676 327 acciuasse
689 276 821 342 naturam
835 267 944 338 dicitur,
959 269 1037 348 quod
1045 292 1048 299 ·

62 348 150 412 carris
163 360 192 409 et
203 347 365 407 cornicibus
377 360 465 404 sitam
474 346 646 417 diuturnam,
661 366 784 424 quorum
797 346 827 406 id
839 346 914 407 nihil
922 348 1040 410 interes·

65 438 113 498 set,
132 427 304 495 hominibus,
325 445 450 504 quorum
469 427 597 485 maxime
622 426 800 495 interfuisset,
821 438 879 487 tam
899 429 1038 507 exiguam
1139 454 1140 499 3

63 507 148 565 vitam
165 506 300 566 dedisset:
321 505 484 583 quorumsi
503 516 580 564 aetas
606 505 742 583 potuisset
762 525 825 565 essa
844 506 1036 586 longinquior,

62 586 188 645 futurum
207 585 303 655 fuisse,
323 595 354 643 ut
374 584 506 654 omnibus
525 583 656 663 perfectis
676 584 790 657 artibus,
811 586 891 645 omni
911 588 1038 648 doctrina

62 663 213 724 hominum
225 664 282 721 rita
296 664 463 723 erudiretur.
507 664 689 727 Querebatur
709 664 805 741 igitur,
820 677 932 735 setam,
946 685 1045 744 quum·
1139 716 1140 723 ,

61 741 221 800 illa'ridcre
233 742 378 819 coepisset,
392 742 544 819 exstingui.
587 744 658 823 (Qu.
672 743 758 802 Tusc,
776 744 830 802 ΙΙΙ.
845 747 906 823 28.)

101 825 127 880 6.
149 820 264 879 Siculus
292 820 416 897 quidam
436 821 484 879 cui
512 832 625 899 praetor
653 833 803 899 patronum
824 842 929 882 causae
955 822 1037 881 debat
1139 832 1140 897 ζ

60 899 202 975 hospitem
220 918 315 968 suum,
336 899 484 957 hominem
509 899 642 970 nobilem,
657 899 708 959 sed
727 901 882 960 admodum
902 900 1036 961 stultum:

61 998 170 1057 quaeso,
184 978 283 1054 inquit,
290 988 416 1053 praetor,
427 980 596 1039 adversario
605 1000 663 1037 rnea
680 981 720 1037 da
729 980 816 1039 istoru
822 990 985 1057 patronum,
995 980 1040 1038 de·

21 1094 24 1096 ‡
60 1058 129 1117 inde
142 1058 214 1116 nihi
227 1058 366 1117 neminen
379 1058 498 1116 dederis.
540 1058 602 1139 (De
616 1059 725 1117 Orator.
742 1060 780 1117 11.
796 1060 856 1137 69.)

101 1139 126 1194 7.
150 1136 407 1213 Granius-patrono
425 1136 510 1206 malo,
521 1156 611 1213 quum
627 1157 727 1197 rocem
740 1138 770 1197 in
784 1136 905 1197 dicendo
918 1137 1040 1197 obtudis·

58 1224 110 1283 set,
131 1214 272 1285 suadebat,
296 1226 327 1273 ut
348 1215 477 1275 mulsum
496 1216 635 1293 frigidum
648 1217 762 1285 biberet,
784 1216 907 1277 simulac
921 1217 1040 1275 domum

59 1292 206 1351 rediisset:
230 1294 368 1363 Perdam,
383 1295 475 1372 inquit
497 1294 554 1363 ille,
575 1314 676 1365 accen,
692 1297 717 1355 si
731 1296 763 1355 id
783 1295 1039 1373 faceta—Melius

56 1382 110 1465 est,
124 1370 228 1449 inquit,
238 1390 326 1455 quam
338 1392 429 1433 rcum
471 1374 533 1456 (De
546 1375 656 1434 Orator.
670 1374 709 1435 11.
725 1376 786 1452 70.)

491 1722 610 1739 ῃ

336 1910 496 1985 ‘orpus
517 1924 767 1987 ssouuouu.
799 1946 800 1949 ¹
888 2014 892 2021 Ι

216 2130 444 2172 naussrrosss
460 2130 615 2177 ouiunau
630 2130 722 2171 rann
738 2129 886 2171 ouusnrs.

301 2271 323 2328 1.
348 2271 509 2329 Generosos
522 2268 659 2330 Fabricii
673 2269 793 2329 animas.

100 2431 206 2492 Quum
219 2447 271 2486 rex
284 2426 418 2505 Pyrrhus
430 2421 537 2503 populo
548 2426 682 2485 Romano
690 2423 800 2485 bellum
809 2425 884 2485 ultro
892 2426 1039 2496 intulisset,

49 2526 209 2587 quumque
221 2506 257 2564 de
277 2506 397 2583 irnperio
418 2516 562 2564 certarnen
582 2515 655 2563 esset
675 2525 741 2564 cum
763 2524 832 2581 rege
852 2524 993 2581 generoso
1007 2526 1040 2565 ac

46 2597 188 2666 potentc3
209 2579 331 2663 peisuga
344 2584 380 2643 ab
393 2602 427 2641 eo
441 2582 517 2641 venit
530 2582 561 2641 in
574 2594 667 2641 castra
681 2584 816 2653 Fabricii,
831 2584 914 2661 eique
928 2596 969 2643 est
982 2581 1041 2663 pol—

46 2666 166 2734 licitus,
187 2664 213 2721 si
233 2663 393 2742 praemium
414 2662 468 2719 sibi
489 2662 689 2739 proposuisset,
704 2682 742 2730 se,
763 2673 793 2720 ut
814 2662 889 2722 clam
910 2664 1040 2731 venisset,

43 2745 100 2803 sic
123 2742 202 2801 clam
214 2742 246 2800 in
266 2740 375 2819 Pyrrhi
390 2751 482 2799 castra
503 2740 667 2810 rediturum,
679 2750 705 2799 et
725 2760 792 2801 eum
805 2760 915 2799 veneno
929 2752 1041 2801 necatu-

41 2842 134 2884 rum.
179 2824 268 2881 Hunc
278 2820 430 2879 Fabricius
443 2816 756 2878 reducendumcuravit
769 2819 980 2897 adiPyrrhum:
1003 2820 1043 2878 id·

40 2922 116 2980 quo
130 2900 238 2959 factum
251 2900 313 2977 ejus
326 2919 345 2957 a
358 2908 458 2958 senatu
466 2896 614 2986 laudatum
627 2908 676 2959 est.
720 2899 780 2980 (De
794 2899 877 2958 Offic.
893 2900 949 2960 111.
961 2901 1022 2979 22.)

41 3060 98 3120 ΙΙ.
116 3058 306 3118 Athenienses
321 3065 437 3115 mactare
456 3056 589 3115 Aristide
607 3059 779 3125 honestatem
788 3056 918 3117 utilitati
929 3056 1040 3135 praese-

510 3144 588 3197 rant.

99 3290 315 3353 Themistocles
335 3304 397 3370 post
417 3294 564 3353 victoriam
586 3298 647 3373 ejus
667 3291 745 3362 belli,
765 3294 841 3371 quod
861 3314 928 3355 cum
942 3292 1040 3354 Persis

26 3374 119 3441 firit,
144 3372 216 3430 dixit
234 3372 266 3429 in
286 3372 439 3431 concione:
461 3392 493 3431 se
512 3373 619 3432 habere
638 3370 793 3433 consilium
814 3372 986 3451 reipublicae
1000 3391 1042 3430 sa·

26 3457 162 3519 lutare,
176 3448 227 3509 sed
240 3448 270 3508 id
283 3450 352 3510 sciri
365 3471 437 3529 opus
450 3470 507 3509 non
522 3470 592 3512 esse.
635 3449 800 3519 Postulavit,
815 3462 846 3509 ut
859 3450 984 3530 aliquem
1032 3484 1041 3495 ·

22 3530 153 3616 pulus
172 3528 258 3598 daret
284 3548 417 3606 quocum-
430 3530 662 3589 communicaret.
715 3528 807 3589 Datus
828 3541 869 3589 est
890 3530 981 3589 Aristi
1001 3548 1038 3589 es.

24 3608 144 3678 Huic
165 3606 230 3668 illc:
249 3607 374 3667 classem
395 3608 697 3676 Lacedaemoniorum,
711 3627 785 3686 quae
805 3608 943 3669 subducta
969 3620 1042 3668 esset

17 3688 93 3754 ad
111 3686 266 3765 Gythirm,
279 3686 356 3747 clam
368 3687 482 3746 incendi
493 3705 584 3765 posse,
598 3706 656 3763 quo
665 3688 736 3746 facto
744 3687 839 3763 frangi
854 3686 1042 3755 Lacedaemo·

14 3769 179 3837 nicrum
192 3784 261 3843 opes
281 3785 400 3827 necesse
417 3777 498 3827 esset
542 3764 630 3829 Quod
643 3764 785 3827 Aristides
806 3786 896 3843 quum
909 3767 1040 3836 audisset,
1057 3773 1064 3783 ’

97 3847 195 3905 Pers
210 3842 330 3905 11.-1o

1118 3844 1140 3873 *q
