2300 4059
433 148 493 191 ars
507 146 657 190 stercus.
997 130 1034 191 71
1040 140 1047 189 .’

45 400 78 459 5.
99 395 176 458 Post
189 396 374 475 tyrannidem
386 396 420 457 ia
433 394 589 455 Locrorum
598 395 753 456 exercitari
770 392 933 472 Syracusae
952 394 1036 457 redit.

387 475 417 558 (J
418 476 502 535 ustin
513 474 600 569 XXI.
616 476 643 545 2,
658 473 699 552 3.)

90 652 174 715 Exul
187 675 206 713 a
219 652 413 715 meminus
426 654 513 714 sociis
526 662 669 735 exceptus,
683 648 761 713 velut
769 650 837 730 jure
845 662 985 731 regnaret,
996 672 1040 713 ar·

46 753 117 793 cem
130 744 257 813 occupat,
271 732 504 824 solitamquosibi
517 732 665 791 saevitiam
675 744 793 792 exercet
837 732 1039 811 opulentiores

46 811 199 883 interiecit,
208 823 353 872 matronas
367 825 452 871 etiam
465 810 620 874 nonnullas
633 810 671 871 ad
680 809 841 890 prodendas
855 812 985 871 virorum
994 830 1041 891 pe·

47 891 154 951 eunias
168 902 284 970 torquet
318 894 431 955 ¹Quum
451 890 499 951 his
511 890 620 951 artibus
640 910 692 968 per
705 909 796 981 panos
817 910 869 949 sex
882 901 1039 968 regnasse-t,

46 969 264 1048 conspiratione
278 969 449 1030 Locrmum¹
463 969 576 1031 civitate
608 969 699 1039 uisus,
709 989 739 1028 1n
749 968 878 1030 Siciliam
893 970 970 1030 redit.
995 968 1040 1029 Ibi

47 1052 223 1128 Syracusas,
236 1050 348 1110 securis
361 1049 503 1121 omnibus,
516 1060 580 1129 post
626 1069 716 1129 agam
729 1048 973 1129 intercapedinem
992 1068 1041 1128 pa·

46 1127 102 1199 cia
116 1146 168 1207 per
180 1128 373 1209 proditionem
385 1129 493 1207 recipit

48 1268 79 1375 6ss
100 1319 132 1377 A
149 1314 312 1377 fimum
322 1317 423 1393 palsas
438 1317 610 1376 Corinthum
624 1316 766 1376 coacessit.
833 1316 935 1377 Justin.
951 1316 1039 1380 XXI.

245 1400 273 1456 5.
295 1393 378 1455 Coni
395 1396 482 1455 Corn.
500 1395 575 1475 Nep.
591 1394 661 1455 Vita
676 1393 782 1455 Timol.
797 1320 839 1475 23

92 1573 138 1635 lbi
151 1592 244 1651 quum
262 1574 379 1653 gravior
392 1573 595 1651 crudeliorque
609 1573 639 1633 in
653 1572 715 1635 dies
728 1572 835 1634 civitati
849 1584 930 1651 esset,
941 1574 1041 1637 iterata

48 1651 265 1731 conspiratione
292 1652 443 1713 obsidetur.
494 1654 659 1713 Petirerant
678 1664 775 1713 autem
798 1654 861 1731 ejus
881 1654 1044 1717 adversarii·

48 1752 141 1811 opem
150 1752 170 1790 a
183 1731 351 1801 Corinthiis,
366 1731 533 1810 ducemque,
547 1751 606 1809 quo
619 1732 651 1792 in
662 1732 740 1793 bello
753 1744 908 1804 uterentur,
918 1734 1042 1811 postule

47 1822 158 1870 verant
201 1811 250 1871 Ab
263 1809 322 1869 illis
337 1810 493 1871 Timoleon
505 1810 621 1879 missus,
631 1809 797 1871 incredibili
815 1812 948 1887 felicitate
972 1812 1042 1885 Dio·

46 1892 171 1969 nysium
190 1900 248 1948 tota
261 1888 362 1949 Sicilia
374 1888 490 1967 depulit
533 1888 628 1959 Tunc,
647 1888 773 1967 deposito
794 1888 926 1968 imperio,
940 1890 1043 1961 Cosiri·

47 1968 136 2029 thum
148 1968 180 2029 in
194 1966 315 2048 exilium
328 1968 529 2047 proficiscitur.
572 1967 625 2039 Ibi,
640 1966 808 2031 humillima
819 1986 951 2047 quaeque
963 1971 1042 2031 tntis·

47 2048 127 2107 sima
139 2047 314 2117 existimans,
335 2048 367 2107 in
380 2047 620 2108 sordidissimum
633 2047 708 2107 ritae
721 2066 816 2125 genus
830 2046 987 2125 descendit,
1002 2048 1044 2110 ta

50 2125 171 2205 publico
184 2128 342 2205 vagabatur
355 2138 382 2187 et
402 2127 526 2205 potabat;
547 2126 612 2185 totis
626 2126 726 2187 diebus
747 2125 778 2185 in
835 2126 912 2205 pinis
932 2126 1042 2188 deside-

46 2206 107 2275 bat,
120 2226 190 2265 cum
210 2206 403 2284 perditissimo
416 2225 531 2284 quoque
551 2204 588 2265 de
608 2204 739 2265 minimis
760 2223 791 2264 re
811 2224 847 2263 us
860 2204 1044 2284 disceptabat,

47 2304 199 2363 pannosus
211 2296 239 2345 et
251 2284 402 2363 squalidus
415 2284 578 2358 incedebat;
600 2302 674 2361 quae
683 2284 781 2343 omnia
789 2284 883 2345 lacere
893 2285 1041 2347 videbatur

47 2376 81 2423 ut
94 2364 322 2423 contemnendus
334 2364 430 2441 uragis
439 2383 527 2441 quam
534 2362 705 2425 metuendus
715 2362 866 2425 videreun.
898 2362 1040 2444 Denique,

48 2440 287 2521 ludimagistrum
300 2442 454 2522 professus,
467 2461 573 2522 pueros
587 2443 619 2503 in
631 2442 716 2503 trivio
729 2440 855 2503 docebat

98 2636 126 2694 7.
149 2633 326 2711 Agathoclis
339 2633 461 2710 tyrreni
469 2652 564 2711 genas
578 2642 605 2692 st
617 2634 688 2693 vita
731 2634 813 2715 (Just.
829 2632 933 2693 XXII.
953 2636 991 2713 l.)

91 2823 201 2886 Paucis
224 2825 308 2886 annia
329 2824 481 2901 interjectis
495 2823 676 2903 Agathdcles
699 2846 736 2885 ex
755 2822 862 2886 hunrssi
876 2846 983 2904 genere
1003 2827 1042 2891 ad

50 2925 178 2983 regnum
192 2906 404 2984 Syracusarum
416 2904 558 2982 totiusque
567 2904 685 2965 Siciliae
698 2906 833 2983 pervenit.
878 2906 995 2987 Quippe
1009 2909 1041 2969 in

48 2982 154 3045 Sicilia
167 2983 275 3075 patrati
319 2981 348 3042 lo
361 2994 453 3052 natus,
463 2982 609 3059 juveniles
618 3004 710 3044 annos
718 2984 797 3044 omni
811 2982 948 3046 infamiae
956 3006 1041 3065 geno·

50 3084 83 3122 re
97 3062 266 3140 inquinavit,
292 3062 431 3121 atrocinia
444 3081 557 3140 quoque
571 3064 705 3123 exercuit.
749 3064 899 3177 Inte1y'ccto
912 3077 1040 3144 temporo

49 3159 144 3220 quum
158 3141 318 3220 Syracusas
336 3140 529 3212 concessisset,
543 3139 594 3201 din
609 3142 671 3202 sine
685 3142 743 3201 fide
755 3142 823 3235 fuiti
854 3144 960 3205 deinde
978 3165 1044 3223 gree

50 3221 167 3298 gariam
180 3219 314 3279 militiam
327 3221 448 3289 sortitus,
462 3240 521 3280 non
541 3223 639 3280 minus
659 3232 726 3281 tnnc
740 3222 881 3295 seditiosa,
891 3243 979 3301 quam
992 3244 1041 3283 an·

48 3312 97 3359 tea
116 3298 195 3377 turpi
215 3300 280 3370 rita,
294 3300 326 3358 in
345 3318 432 3359 omne
445 3300 556 3359 lacinus
576 3301 789 3377 promtissimus
802 3314 869 3362 erat.
912 3302 993 3362 Nam
1013 3312 1041 3362 et

49 3397 144 3438 mann
172 3389 314 3447 mennas,
340 3388 368 3437 ct
396 3378 428 3438 in
447 3380 633 3441 concionibus
663 3380 854 3459 perfacundus
874 3380 1038 3441 habebatur.

50 3459 144 3518 Brevi
158 3458 254 3535 itaque
266 3458 402 3526 centurio,
415 3478 451 3517 ac
464 3458 599 3537 deinceps
611 3460 742 3519 tribunus
755 3456 880 3519 miiitum
889 3460 981 3520 sactus
990 3470 1039 3519 est

49 3540 119 3597 Jam
130 3554 225 3616 quum
238 3538 269 3597 in
282 3537 404 3596 dirersis
417 3537 536 3615 proeliis
550 3538 698 3617 insignem
712 3538 905 3599 fortitudinum
923 3539 1042 3617 praesti·

49 3618 138 3687 tissec
154 3616 262 3692 dignus
273 3627 317 3676 eat
330 3616 451 3685 habitus,
464 3618 515 3695 qni
528 3618 559 3677 in
573 3617 671 3677 locum
684 3618 809 3679 defuncti
823 3618 904 3677 ducis
921 3618 1042 3699 Damae

51 3698 137 3758 conis
151 3696 338 3756 sufficeretur.
362 3696 442 3757 Tum
456 3696 502 3757 bis
515 3716 657 3775 occuparo
665 3697 819 3778 imperium
829 3699 1041 3777 Syracusarum

50 3778 153 3850 voluit,
167 3776 213 3835 bis
226 3776 256 3836 in
269 3774 393 3837 anilium
405 3787 486 3836 actus
498 3787 547 3837 est
