<?xml version="1.0" encoding="UTF-8"?>
<!DOCTYPE html PUBLIC "-//W3C//DTD XHTML 1.0 Transitional//EN"
    "http://www.w3.org/TR/xhtml1/DTD/xhtml1-transitional.dtd">
<html xmlns="http://www.w3.org/1999/xhtml" xml:lang="en" lang="en">
 <head>
  <title>
</title>
<meta http-equiv="Content-Type" content="text/html;charset=utf-8" />
  <meta name='ocr-system' content='tesseract 3.04.00' />
  <meta name='ocr-capabilities' content='ocr_page ocr_carea ocr_par ocr_line ocrx_word'/>
</head>
<body>
  <div class='ocr_page' id='page_1' title='image "./latinreader01drgoog/latinreader01drgoog_0085.png"; bbox 0 0 2300 4059; ppageno 0'>
   <div class='ocr_carea' id='block_1_1' title="bbox 558 60 2052 136">
    <p class='ocr_par' dir='ltr' id='par_1_1' title="bbox 558 60 2052 136">
     <span class='ocr_line' id='line_1_1' title="bbox 558 60 2052 136; baseline 0.003 -9"><span class='ocrx_word' id='word_1_1' title='bbox 558 60 568 70; x_wconf 80' lang='grc'>’</span> <span class='ocrx_word' id='word_1_2' title='bbox 660 82 946 132; x_wconf 66' lang='lat' dir='ltr'>reu-rous</span> <span class='ocrx_word' id='word_1_3' title='bbox 973 86 1053 130; x_wconf 75' lang='lat' dir='ltr'>or</span> <span class='ocrx_word' id='word_1_4' title='bbox 1080 81 1467 136; x_wconf 58' lang='lat' dir='ltr'>annuum-r.</span> <span class='ocrx_word' id='word_1_5' title='bbox 1976 72 2052 131; x_wconf 77' lang='lat'>⁷³</span> 
     </span>
    </p>
   </div>
   <div class='ocr_carea' id='block_1_2' title="bbox 68 217 2140 2838">
    <p class='ocr_par' dir='ltr' id='par_1_2' title="bbox 71 217 2068 543">
     <span class='ocr_line' id='line_1_2' title="bbox 73 217 2053 308; baseline 0.001 -24"><span class='ocrx_word' id='word_1_6' title='bbox 73 224 271 285; x_wconf 86' lang='lat' dir='ltr'>eulem</span> <span class='ocrx_word' id='word_1_7' title='bbox 297 244 460 285; x_wconf 86' lang='lat' dir='ltr'>mare</span> <span class='ocrx_word' id='word_1_8' title='bbox 478 224 776 308; x_wconf 73' lang='lat' dir='ltr'>internum</span> <span class='ocrx_word' id='word_1_9' title='bbox 794 225 963 287; x_wconf 81' lang='lat' dir='ltr'>terris</span> <span class='ocrx_word' id='word_1_10' title='bbox 989 224 1282 304; x_wconf 66' lang='lat' dir='ltr'>inclusum</span> <span class='ocrx_word' id='word_1_11' title='bbox 1302 217 1495 296; x_wconf 69' lang='lat' dir='ltr'>finisse,</span> <span class='ocrx_word' id='word_1_12' title='bbox 1512 230 1618 287; x_wconf 78' lang='lat' dir='ltr'>nec</span> <span class='ocrx_word' id='word_1_13' title='bbox 1640 224 1859 286; x_wconf 62' lang='lat' dir='ltr'>exitum</span> <span class='ocrx_word' id='word_1_14' title='bbox 1876 219 2053 292; x_wconf 83' lang='lat' dir='ltr'>habu·</span> 
     </span>
     <span class='ocr_line' id='line_1_3' title="bbox 71 301 2068 383; baseline 0.002 -20"><span class='ocrx_word' id='word_1_15' title='bbox 71 305 192 364; x_wconf 87' lang='lat' dir='ltr'>isse</span> <span class='ocrx_word' id='word_1_16' title='bbox 219 305 282 366; x_wconf 88' lang='lat' dir='ltr'>in</span> <span class='ocrx_word' id='word_1_17' title='bbox 301 305 634 382; x_wconf 82' lang='lat' dir='ltr'>Oceanum;</span> <span class='ocrx_word' id='word_1_18' title='bbox 680 304 1005 367; x_wconf 83' lang='lat' dir='ltr'>Herculem</span> <span class='ocrx_word' id='word_1_19' title='bbox 1030 301 1226 367; x_wconf 76' lang='lat' dir='ltr'>autem</span> <span class='ocrx_word' id='word_1_20' title='bbox 1244 307 1474 383; x_wconf 83' lang='lat' dir='ltr'>junctos</span> <span class='ocrx_word' id='word_1_21' title='bbox 1499 318 1722 365; x_wconf 79' lang='lat' dir='ltr'>montes</span> <span class='ocrx_word' id='word_1_22' title='bbox 1750 306 2068 366; x_wconf 74' lang='lat' dir='ltr'>diremisse·</span> 
     </span>
     <span class='ocr_line' id='line_1_4' title="bbox 71 383 2053 470; baseline 0.002 -28"><span class='ocrx_word' id='word_1_23' title='bbox 71 395 129 442; x_wconf 87' lang='lat' dir='ltr'>et</span> <span class='ocrx_word' id='word_1_24' title='bbox 146 403 312 464; x_wconf 80' lang='lat' dir='ltr'>mare</span> <span class='ocrx_word' id='word_1_25' title='bbox 322 383 589 470; x_wconf 59' lang='lat' dir='ltr'>junxisse</span> <span class='ocrx_word' id='word_1_26' title='bbox 605 404 740 444; x_wconf 88' lang='lat' dir='ltr'>cum</span> <span class='ocrx_word' id='word_1_27' title='bbox 760 386 1008 444; x_wconf 80' lang='lat' dir='ltr'>Oceann.</span> <span class='ocrx_word' id='word_1_28' title='bbox 1055 387 1351 464; x_wconf 57' lang='lat' dir='ltr'>,Ceterum</span> <span class='ocrx_word' id='word_1_29' title='bbox 1371 387 1534 463; x_wconf 87' lang='lat' dir='ltr'>regio</span> <span class='ocrx_word' id='word_1_30' title='bbox 1554 384 1657 445; x_wconf 88' lang='lat' dir='ltr'>illa</span> <span class='ocrx_word' id='word_1_31' title='bbox 1676 398 1761 445; x_wconf 74' lang='lat' dir='ltr'>est</span> <span class='ocrx_word' id='word_1_32' title='bbox 1778 386 2053 463; x_wconf 73' lang='lat' dir='ltr'>ignobili·</span> 
     </span>
     <span class='ocr_line' id='line_1_5' title="bbox 72 463 2048 543; baseline 0 -20"><span class='ocrx_word' id='word_1_33' title='bbox 72 474 130 523; x_wconf 84' lang='lat' dir='ltr'>et</span> <span class='ocrx_word' id='word_1_34' title='bbox 148 464 579 542; x_wconf 83' lang='lat' dir='ltr'>parvis&#39;tantum</span> <span class='ocrx_word' id='word_1_35' title='bbox 590 463 815 543; x_wconf 84' lang='lat' dir='ltr'>oppidis</span> <span class='ocrx_word' id='word_1_36' title='bbox 833 464 1129 525; x_wconf 85' lang='lat' dir='ltr'>habitatur.</span> <span class='ocrx_word' id='word_1_37' title='bbox 1176 468 1382 527; x_wconf 90' lang='lat' dir='ltr'>Solum</span> <span class='ocrx_word' id='word_1_38' title='bbox 1394 466 1605 526; x_wconf 76' lang='lat' dir='ltr'>melius</span> <span class='ocrx_word' id='word_1_39' title='bbox 1617 482 1795 542; x_wconf 85' lang='lat' dir='ltr'>quam</span> <span class='ocrx_word' id='word_1_40' title='bbox 1807 464 2048 540; x_wconf 82' lang='lat' dir='ltr'>incolae.</span> 
     </span>
    </p>

    <p class='ocr_par' dir='ltr' id='par_1_3' title="bbox 68 542 2140 1253">
     <span class='ocr_line' id='line_1_6' title="bbox 156 542 2055 636; baseline 0.001 -35"><span class='ocrx_word' id='word_1_41' title='bbox 156 546 249 603; x_wconf 88' lang='grc'>73.</span> <span class='ocrx_word' id='word_1_42' title='bbox 295 542 599 603; x_wconf 76' lang='lat' dir='ltr'>Numidia¹</span> <span class='ocrx_word' id='word_1_43' title='bbox 626 545 817 622; x_wconf 84' lang='lat' dir='ltr'>magis</span> <span class='ocrx_word' id='word_1_44' title='bbox 844 543 999 608; x_wconf 80' lang='lat' dir='ltr'>culta</span> <span class='ocrx_word' id='word_1_45' title='bbox 1026 556 1081 603; x_wconf 87' lang='lat' dir='ltr'>et</span> <span class='ocrx_word' id='word_1_46' title='bbox 1099 544 1443 624; x_wconf 77' lang='lat' dir='ltr'>opulentior.</span> <span class='ocrx_word' id='word_1_47' title='bbox 1530 544 1619 604; x_wconf 90' lang='lat' dir='ltr'>Ibi</span> <span class='ocrx_word' id='word_1_48' title='bbox 1645 546 1784 603; x_wconf 85' lang='lat' dir='ltr'>satis</span> <span class='ocrx_word' id='word_1_49' title='bbox 1812 546 1989 636; x_wconf 79' lang='lat' dir='ltr'>longo</span> <span class='ocrx_word' id='word_1_50' title='bbox 2015 562 2055 603; x_wconf 78' lang='lat' dir='ltr'>a</span> 
     </span>
     <span class='ocr_line' id='line_1_7' title="bbox 71 620 2052 702; baseline 0.001 -22"><span class='ocrx_word' id='word_1_51' title='bbox 71 620 264 681; x_wconf 90' lang='lat' dir='ltr'>littore</span> <span class='ocrx_word' id='word_1_52' title='bbox 279 620 581 682; x_wconf 63' lang='lat' dir='ltr'>intervallo</span> <span class='ocrx_word' id='word_1_53' title='bbox 598 641 738 681; x_wconf 72' lang='lat' dir='ltr'>saxa</span> <span class='ocrx_word' id='word_1_54' title='bbox 755 635 1067 683; x_wconf 86' lang='lat' dir='ltr'>cernuntur</span> <span class='ocrx_word' id='word_1_55' title='bbox 1078 625 1264 684; x_wconf 75' lang='lat' dir='ltr'>attrita</span> <span class='ocrx_word' id='word_1_56' title='bbox 1276 624 1557 700; x_wconf 83' lang='lat' dir='ltr'>fluctibus,</span> <span class='ocrx_word' id='word_1_57' title='bbox 1570 625 1772 701; x_wconf 86' lang='lat' dir='ltr'>spinae</span> <span class='ocrx_word' id='word_1_58' title='bbox 1788 624 2052 702; x_wconf 80' lang='lat' dir='ltr'>piscium,</span> 
     </span>
     <span class='ocr_line' id='line_1_8' title="bbox 72 701 2077 779; baseline 0.001 -20"><span class='ocrx_word' id='word_1_59' title='bbox 72 701 513 779; x_wconf 77' lang='lat' dir='ltr'>ostreorumq&#39;ue</span> <span class='ocrx_word' id='word_1_60' title='bbox 533 702 864 778; x_wconf 83' lang='lat' dir='ltr'>fragmenta,</span> <span class='ocrx_word' id='word_1_61' title='bbox 884 722 1129 762; x_wconf 82' lang='lat' dir='ltr'>ancorae</span> <span class='ocrx_word' id='word_1_62' title='bbox 1145 703 1315 763; x_wconf 88' lang='lat' dir='ltr'>etiam</span> <span class='ocrx_word' id='word_1_63' title='bbox 1337 704 1602 772; x_wconf 78' lang='lat' dir='ltr'>cautibus</span> <span class='ocrx_word' id='word_1_64' title='bbox 1619 703 1845 770; x_wconf 81' lang='lat' dir='ltr'>infixae,</span> <span class='ocrx_word' id='word_1_65' title='bbox 1864 713 1917 762; x_wconf 89' lang='lat' dir='ltr'>et</span> <span class='ocrx_word' id='word_1_66' title='bbox 1936 702 2077 761; x_wconf 82' lang='lat' dir='ltr'>alia&#39;</span> 
     </span>
     <span class='ocr_line' id='line_1_9' title="bbox 69 780 2057 862; baseline 0.002 -26"><span class='ocrx_word' id='word_1_67' title='bbox 69 780 361 856; x_wconf 84' lang='lat' dir='ltr'>ejusmodi</span> <span class='ocrx_word' id='word_1_68' title='bbox 386 780 560 859; x_wconf 87' lang='lat' dir='ltr'>signa</span> <span class='ocrx_word' id='word_1_69' title='bbox 584 782 763 839; x_wconf 86' lang='lat' dir='ltr'>maris</span> <span class='ocrx_word' id='word_1_70' title='bbox 790 781 1143 860; x_wconf 81' lang='lat' dir='ltr'>olim‘usque</span> <span class='ocrx_word' id='word_1_71' title='bbox 1169 783 1244 842; x_wconf 86' lang='lat' dir='ltr'>ad</span> <span class='ocrx_word' id='word_1_72' title='bbox 1265 796 1340 862; x_wconf 37' lang='lat' dir='ltr'>‚ea</span> <span class='ocrx_word' id='word_1_73' title='bbox 1365 783 1501 843; x_wconf 76' lang='lat' dir='ltr'>loce</span> <span class='ocrx_word' id='word_1_74' title='bbox 1520 782 1703 842; x_wconf 79' lang='lat' dir='ltr'>effusi.</span> <span class='ocrx_word' id='word_1_75' title='bbox 1776 781 2057 842; x_wconf 76' lang='lat' dir='ltr'>Finitima</span> 
     </span>
     <span class='ocr_line' id='line_1_10' title="bbox 72 858 2057 943; baseline 0.001 -26"><span class='ocrx_word' id='word_1_76' title='bbox 72 858 258 935; x_wconf 82' lang='lat' dir='ltr'>regio,</span> <span class='ocrx_word' id='word_1_77' title='bbox 278 880 316 917; x_wconf 87' lang='lat' dir='ltr'>a</span> <span class='ocrx_word' id='word_1_78' title='bbox 342 860 732 938; x_wconf 86' lang='lat' dir='ltr'>promontorio</span> <span class='ocrx_word' id='word_1_79' title='bbox 754 861 1090 939; x_wconf 81' lang='lat' dir='ltr'>Metagonio</span> <span class='ocrx_word' id='word_1_80' title='bbox 1111 861 1189 921; x_wconf 82' lang='lat' dir='ltr'>’ad</span> <span class='ocrx_word' id='word_1_81' title='bbox 1217 881 1347 920; x_wconf 87' lang='lat' dir='ltr'>aras</span> <span class='ocrx_word' id='word_1_82' title='bbox 1370 861 1803 931; x_wconf 79' lang='lat' dir='ltr'>Philaenorum,</span> <span class='ocrx_word' id='word_1_83' title='bbox 1825 859 2057 943; x_wconf 75' lang='lat' dir='ltr'>proprie</span> 
     </span>
     <span class='ocr_line' id='line_1_11' title="bbox 71 939 2058 1017; baseline 0.002 -22"><span class='ocrx_word' id='word_1_84' title='bbox 71 951 313 998; x_wconf 80' lang='lat' dir='ltr'>vocatur</span> <span class='ocrx_word' id='word_1_85' title='bbox 336 940 577 998; x_wconf 71' lang='lat' dir='ltr'>Africa.²</span> <span class='ocrx_word' id='word_1_86' title='bbox 631 940 825 999; x_wconf 80' lang='lat' dir='ltr'>Urbes</span> <span class='ocrx_word' id='word_1_87' title='bbox 852 940 915 999; x_wconf 88' lang='lat' dir='ltr'>in</span> <span class='ocrx_word' id='word_1_88' title='bbox 940 941 1447 1014; x_wconf 80' lang='lat' dir='ltr'>ea.celeberrimae</span> <span class='ocrx_word' id='word_1_89' title='bbox 1466 942 1641 1001; x_wconf 70' lang='lat' dir='ltr'>Utica</span> <span class='ocrx_word' id='word_1_90' title='bbox 1660 952 1716 999; x_wconf 79' lang='lat' dir='ltr'>et</span> <span class='ocrx_word' id='word_1_91' title='bbox 1735 939 2058 1017; x_wconf 71' lang='lat' dir='ltr'>Carthago,</span> 
     </span>
     <span class='ocr_line' id='line_1_12' title="bbox 69 1017 2055 1097; baseline 0.001 -22"><span class='ocrx_word' id='word_1_92' title='bbox 69 1018 280 1076; x_wconf 80' lang='lat' dir='ltr'>ambae</span> <span class='ocrx_word' id='word_1_93' title='bbox 304 1037 341 1076; x_wconf 89' lang='lat' dir='ltr'>a</span> <span class='ocrx_word' id='word_1_94' title='bbox 371 1018 770 1083; x_wconf 64' lang='lat' dir='ltr'>Phoenicibus&gt;</span> <span class='ocrx_word' id='word_1_95' title='bbox 786 1017 1060 1079; x_wconf 86' lang='lat' dir='ltr'>conditae.</span> <span class='ocrx_word' id='word_1_96' title='bbox 1135 1020 1551 1097; x_wconf 72' lang='lat' dir='ltr'>Carthaginem</span> <span class='ocrx_word' id='word_1_97' title='bbox 1572 1020 1817 1090; x_wconf 83' lang='lat' dir='ltr'>divitiae,</span> <span class='ocrx_word' id='word_1_98' title='bbox 1838 1038 2055 1078; x_wconf 87' lang='lat' dir='ltr'>merca·</span> 
     </span>
     <span class='ocr_line' id='line_1_13' title="bbox 68 1097 2057 1177; baseline 0.004 -23"><span class='ocrx_word' id='word_1_99' title='bbox 68 1102 211 1155; x_wconf 70' lang='lat' dir='ltr'>tura</span> <span class='ocrx_word' id='word_1_100' title='bbox 235 1097 525 1175; x_wconf 81' lang='lat' dir='ltr'>imprimis</span> <span class='ocrx_word' id='word_1_101' title='bbox 552 1108 929 1176; x_wconf 83' lang='lat' dir='ltr'>comparatae,</span> <span class='ocrx_word' id='word_1_102' title='bbox 947 1108 1074 1174; x_wconf 88' lang='lat' dir='ltr'>tum</span> <span class='ocrx_word' id='word_1_103' title='bbox 1098 1098 1255 1158; x_wconf 88' lang='lat' dir='ltr'>bella</span> <span class='ocrx_word' id='word_1_104' title='bbox 1278 1119 1414 1159; x_wconf 90' lang='lat' dir='ltr'>cum</span> <span class='ocrx_word' id='word_1_105' title='bbox 1441 1100 1746 1159; x_wconf 75' lang='lat' dir='ltr'>Romanis³</span> <span class='ocrx_word' id='word_1_106' title='bbox 1763 1110 1940 1177; x_wconf 81' lang='lat' dir='ltr'>gesta,</span> <span class='ocrx_word' id='word_1_107' title='bbox 1960 1117 2057 1162; x_wconf 58' lang='lat' dir='ltr'>exv</span> 
     </span>
     <span class='ocr_line' id='line_1_14' title="bbox 71 1174 2140 1253; baseline 0 -19"><span class='ocrx_word' id='word_1_108' title='bbox 71 1174 301 1235; x_wconf 87' lang='lat' dir='ltr'>cidium</span> <span class='ocrx_word' id='word_1_109' title='bbox 325 1175 574 1253; x_wconf 83' lang='lat' dir='ltr'>denique</span> <span class='ocrx_word' id='word_1_110' title='bbox 599 1175 921 1237; x_wconf 79' lang='lat' dir='ltr'>illustravit.</span> <span class='ocrx_word' id='word_1_111' title='bbox 1246 1202 1253 1207; x_wconf 96' lang='lat'>·</span> <span class='ocrx_word' id='word_1_112' title='bbox 1602 1200 1635 1235; x_wconf 94' lang='lat'>·.</span> <span class='ocrx_word' id='word_1_113' title='bbox 1760 1184 1764 1188; x_wconf 87' lang='grc'><strong>’</strong></span> <span class='ocrx_word' id='word_1_114' title='bbox 2077 1193 2087 1199; x_wconf 75' lang='grc'><strong><em>’</em></strong></span> <span class='ocrx_word' id='word_1_115' title='bbox 2114 1177 2140 1190; x_wconf 68' lang='lat'><em>⁴</em></span> 
     </span>
    </p>

    <p class='ocr_par' dir='ltr' id='par_1_4' title="bbox 70 1253 2116 2203">
     <span class='ocr_line' id='line_1_15' title="bbox 156 1253 2057 1320; baseline 0.001 -7"><span class='ocrx_word' id='word_1_116' title='bbox 156 1258 250 1314; x_wconf 81' lang='lat'>74.</span> <span class='ocrx_word' id='word_1_117' title='bbox 298 1256 391 1318; x_wconf 80' lang='lat' dir='ltr'>De</span> <span class='ocrx_word' id='word_1_118' title='bbox 416 1256 537 1315; x_wconf 85' lang='lat' dir='ltr'>aris</span> <span class='ocrx_word' id='word_1_119' title='bbox 558 1255 980 1316; x_wconf 77' lang='lat' dir='ltr'>Philaenorum</span> <span class='ocrx_word' id='word_1_120' title='bbox 1005 1255 1149 1315; x_wconf 87' lang='lat' dir='ltr'>haec</span> <span class='ocrx_word' id='word_1_121' title='bbox 1162 1253 1513 1316; x_wconf 72' lang='lat' dir='ltr'>narrantur.⁴</span> <span class='ocrx_word' id='word_1_122' title='bbox 1577 1254 2057 1320; x_wconf 70' lang='lat' dir='ltr'>pertinacissima</span> 
     </span>
     <span class='ocr_line' id='line_1_16' title="bbox 71 1334 2051 1425; baseline 0.001 -33"><span class='ocrx_word' id='word_1_123' title='bbox 71 1334 260 1393; x_wconf 65' lang='lat' dir='ltr'>filerat</span> <span class='ocrx_word' id='word_1_124' title='bbox 304 1335 589 1395; x_wconf 86' lang='lat' dir='ltr'>contentio</span> <span class='ocrx_word' id='word_1_125' title='bbox 631 1336 777 1395; x_wconf 87' lang='lat' dir='ltr'>inter</span> <span class='ocrx_word' id='word_1_126' title='bbox 826 1335 1247 1412; x_wconf 82' lang='lat' dir='ltr'>Carthaginem</span> <span class='ocrx_word' id='word_1_127' title='bbox 1292 1347 1346 1393; x_wconf 87' lang='lat' dir='ltr'>et</span> <span class='ocrx_word' id='word_1_128' title='bbox 1394 1336 1683 1425; x_wconf 29' lang='lat' dir='ltr'>Cyrenas,</span> <span class='ocrx_word' id='word_1_129' title='bbox 1707 1334 1779 1394; x_wconf 89' lang='lat' dir='ltr'>de</span> <span class='ocrx_word' id='word_1_130' title='bbox 1824 1334 2051 1394; x_wconf 72' lang='lat' dir='ltr'>finibus,</span> 
     </span>
     <span class='ocr_line' id='line_1_17' title="bbox 75 1410 2116 1491; baseline 0 -19"><span class='ocrx_word' id='word_1_131' title='bbox 75 1413 347 1473; x_wconf 80' lang='lat' dir='ltr'>Tandem</span> <span class='ocrx_word' id='word_1_132' title='bbox 375 1414 607 1491; x_wconf 80' lang='lat' dir='ltr'>placuit,</span> <span class='ocrx_word' id='word_1_133' title='bbox 630 1410 918 1491; x_wconf 76' lang='lat' dir='ltr'>utrimque</span> <span class='ocrx_word' id='word_1_134' title='bbox 945 1414 1145 1480; x_wconf 84' lang='lat' dir='ltr'>eodem</span> <span class='ocrx_word' id='word_1_135' title='bbox 1165 1426 1429 1491; x_wconf 69' lang='lat' dir='ltr'>tempore</span> <span class='ocrx_word' id='word_1_136' title='bbox 1441 1428 1687 1491; x_wconf 75' lang='lat' dir='ltr'>juvenes</span> <span class='ocrx_word' id='word_1_137' title='bbox 1714 1414 1875 1482; x_wconf 78' lang='lat' dir='ltr'>mitti,</span> <span class='ocrx_word' id='word_1_138' title='bbox 1895 1425 1950 1473; x_wconf 86' lang='lat' dir='ltr'>et</span> <span class='ocrx_word' id='word_1_139' title='bbox 1977 1413 2057 1473; x_wconf 91' lang='lat' dir='ltr'>lo-</span> <span class='ocrx_word' id='word_1_140' title='bbox 2109 1458 2116 1464; x_wconf 85' lang='lat'>-</span> 
     </span>
     <span class='ocr_line' id='line_1_18' title="bbox 72 1485 2056 1571; baseline 0.001 -20"><span class='ocrx_word' id='word_1_141' title='bbox 72 1512 228 1561; x_wconf 89' lang='lat' dir='ltr'>cum,</span> <span class='ocrx_word' id='word_1_142' title='bbox 252 1512 368 1570; x_wconf 89' lang='lat' dir='ltr'>quo</span> <span class='ocrx_word' id='word_1_143' title='bbox 387 1491 790 1553; x_wconf 77' lang='lat' dir='ltr'>convenissent</span> <span class='ocrx_word' id='word_1_144' title='bbox 817 1513 923 1571; x_wconf 91' lang='lat' dir='ltr'>pro</span> <span class='ocrx_word' id='word_1_145' title='bbox 944 1492 1158 1552; x_wconf 88' lang='lat' dir='ltr'>finibus</span> <span class='ocrx_word' id='word_1_146' title='bbox 1177 1493 1406 1559; x_wconf 60' lang='lat' dir='ltr'>haberi„</span> <span class='ocrx_word' id='word_1_147' title='bbox 1482 1485 2056 1571; x_wconf 67' lang='lat' dir='ltr'>Carthaginiensium</span> 
     </span>
     <span class='ocr_line' id='line_1_19' title="bbox 72 1571 2055 1650; baseline 0 -19"><span class='ocrx_word' id='word_1_148' title='bbox 72 1571 271 1649; x_wconf 84' lang='lat' dir='ltr'>legati,</span> <span class='ocrx_word' id='word_1_149' title='bbox 291 1572 565 1632; x_wconf 79' lang='lat' dir='ltr'>Philaeni</span> <span class='ocrx_word' id='word_1_150' title='bbox 592 1573 807 1641; x_wconf 84' lang='lat' dir='ltr'>fratres,</span> <span class='ocrx_word' id='word_1_151' title='bbox 836 1573 1010 1650; x_wconf 88' lang='lat' dir='ltr'>paulo</span> <span class='ocrx_word' id='word_1_152' title='bbox 1038 1583 1170 1638; x_wconf 87' lang='lat' dir='ltr'>ante</span> <span class='ocrx_word' id='word_1_153' title='bbox 1194 1583 1420 1649; x_wconf 88' lang='lat' dir='ltr'>tempus</span> <span class='ocrx_word' id='word_1_154' title='bbox 1447 1573 1813 1632; x_wconf 87' lang='lat' dir='ltr'>constitutum</span> <span class='ocrx_word' id='word_1_155' title='bbox 1834 1572 2055 1649; x_wconf 62' lang='lat' dir='ltr'>egressi</span> 
     </span>
     <span class='ocr_line' id='line_1_20' title="bbox 72 1650 2054 1741; baseline 0 -32"><span class='ocrx_word' id='word_1_156' title='bbox 72 1670 206 1709; x_wconf 86' lang='lat' dir='ltr'>esse</span> <span class='ocrx_word' id='word_1_157' title='bbox 220 1650 503 1711; x_wconf 80' lang='lat' dir='ltr'>dicuntur.</span> <span class='ocrx_word' id='word_1_158' title='bbox 579 1650 757 1713; x_wconf 76' lang='lat' dir='ltr'>Quod</span> <span class='ocrx_word' id='word_1_159' title='bbox 775 1670 957 1729; x_wconf 91' lang='lat' dir='ltr'>quum</span> <span class='ocrx_word' id='word_1_160' title='bbox 980 1651 1411 1741; x_wconf 70' lang='lat' dir='ltr'>Cyrenensium</span> <span class='ocrx_word' id='word_1_161' title='bbox 1427 1650 1603 1728; x_wconf 88' lang='lat' dir='ltr'>legati</span> <span class='ocrx_word' id='word_1_162' title='bbox 1626 1651 2054 1721; x_wconf 83' lang='lat' dir='ltr'>intellexissent,</span> 
     </span>
     <span class='ocr_line' id='line_1_21' title="bbox 71 1729 2096 1809; baseline -0 -20"><span class='ocrx_word' id='word_1_163' title='bbox 71 1749 259 1809; x_wconf 85' lang='lat' dir='ltr'>magn</span> <span class='ocrx_word' id='word_1_164' title='bbox 335 1751 410 1791; x_wconf 90' lang='lat' dir='ltr'>ue</span> <span class='ocrx_word' id='word_1_165' title='bbox 429 1742 626 1789; x_wconf 86' lang='lat' dir='ltr'>exorta</span> <span class='ocrx_word' id='word_1_166' title='bbox 646 1740 794 1789; x_wconf 89' lang='lat' dir='ltr'>esset</span> <span class='ocrx_word' id='word_1_167' title='bbox 813 1741 1112 1798; x_wconf 81' lang='lat' dir='ltr'>contentio,</span> <span class='ocrx_word' id='word_1_168' title='bbox 1131 1729 1361 1788; x_wconf 88' lang='lat' dir='ltr'>tandem</span> <span class='ocrx_word' id='word_1_169' title='bbox 1385 1730 1752 1808; x_wconf 80' lang='lat' dir='ltr'>Cyrenenses</span> <span class='ocrx_word' id='word_1_170' title='bbox 1773 1730 2054 1801; x_wconf 80' lang='lat' dir='ltr'>dixerunt,</span> <span class='ocrx_word' id='word_1_171' title='bbox 2090 1732 2096 1739; x_wconf 84' lang='grc'><strong>’</strong></span> 
     </span>
     <span class='ocr_line' id='line_1_22' title="bbox 72 1809 2057 1887; baseline 0.001 -19"><span class='ocrx_word' id='word_1_172' title='bbox 72 1828 140 1867; x_wconf 85' lang='lat' dir='ltr'>se</span> <span class='ocrx_word' id='word_1_173' title='bbox 167 1819 293 1868; x_wconf 81' lang='lat' dir='ltr'>tum</span> <span class='ocrx_word' id='word_1_174' title='bbox 350 1829 544 1868; x_wconf 90' lang='lat' dir='ltr'>emum</span> <span class='ocrx_word' id='word_1_175' title='bbox 573 1809 729 1868; x_wconf 89' lang='lat' dir='ltr'>hunc</span> <span class='ocrx_word' id='word_1_176' title='bbox 757 1810 956 1869; x_wconf 89' lang='lat' dir='ltr'>locum</span> <span class='ocrx_word' id='word_1_177' title='bbox 982 1828 1086 1887; x_wconf 85' lang='lat' dir='ltr'>pro</span> <span class='ocrx_word' id='word_1_178' title='bbox 1108 1809 1323 1869; x_wconf 84' lang='lat' dir='ltr'>finibus</span> <span class='ocrx_word' id='word_1_179' title='bbox 1346 1809 1647 1868; x_wconf 84' lang='lat' dir='ltr'>habituros</span> <span class='ocrx_word' id='word_1_180' title='bbox 1674 1829 1816 1880; x_wconf 86' lang='lat' dir='ltr'>esse,</span> <span class='ocrx_word' id='word_1_181' title='bbox 1837 1809 1895 1872; x_wconf 88' lang='lat' dir='ltr'>si</span> <span class='ocrx_word' id='word_1_182' title='bbox 1918 1810 2057 1869; x_wconf 88' lang='lat' dir='ltr'>Phi·</span> 
     </span>
     <span class='ocr_line' id='line_1_23' title="bbox 70 1886 2057 1974; baseline 0.001 -28"><span class='ocrx_word' id='word_1_183' title='bbox 70 1886 233 1948; x_wconf 89' lang='lat' dir='ltr'>laeni</span> <span class='ocrx_word' id='word_1_184' title='bbox 260 1907 326 1947; x_wconf 83' lang='lat' dir='ltr'>se</span> <span class='ocrx_word' id='word_1_185' title='bbox 350 1889 430 1949; x_wconf 91' lang='lat' dir='ltr'>ibi</span> <span class='ocrx_word' id='word_1_186' title='bbox 451 1890 614 1955; x_wconf 84' lang='lat' dir='ltr'>vivos</span> <span class='ocrx_word' id='word_1_187' title='bbox 633 1888 801 1949; x_wconf 91' lang='lat' dir='ltr'>obrui</span> <span class='ocrx_word' id='word_1_188' title='bbox 827 1888 986 1974; x_wconf 87' lang='lat' dir='ltr'>passi</span> <span class='ocrx_word' id='word_1_189' title='bbox 1011 1898 1214 1947; x_wconf 79' lang='lat' dir='ltr'>essent.</span> <span class='ocrx_word' id='word_1_190' title='bbox 1302 1888 1399 1948; x_wconf 89' lang='lat' dir='ltr'>Illi</span> <span class='ocrx_word' id='word_1_191' title='bbox 1426 1888 1806 1949; x_wconf 84' lang='lat' dir='ltr'>conditionem</span> <span class='ocrx_word' id='word_1_192' title='bbox 1828 1906 2057 1965; x_wconf 83' lang='lat' dir='ltr'>aecepe-</span> 
     </span>
     <span class='ocr_line' id='line_1_24' title="bbox 71 1965 2057 2045; baseline 0.002 -21"><span class='ocrx_word' id='word_1_193' title='bbox 71 1977 225 2026; x_wconf 84' lang='lat' dir='ltr'>runt.</span> <span class='ocrx_word' id='word_1_194' title='bbox 293 1967 808 2044; x_wconf 80' lang='lat' dir='ltr'>Carthaginienses</span> <span class='ocrx_word' id='word_1_195' title='bbox 828 1977 1022 2027; x_wconf 89' lang='lat' dir='ltr'>autem</span> <span class='ocrx_word' id='word_1_196' title='bbox 1041 1967 1319 2027; x_wconf 90' lang='lat' dir='ltr'>animosis</span> <span class='ocrx_word' id='word_1_197' title='bbox 1340 1968 1655 2044; x_wconf 82' lang='lat' dir='ltr'>juvenibus</span> <span class='ocrx_word' id='word_1_198' title='bbox 1679 1967 1741 2027; x_wconf 89' lang='lat' dir='ltr'>in</span> <span class='ocrx_word' id='word_1_199' title='bbox 1768 1965 1889 2025; x_wconf 80' lang='lat' dir='ltr'>inis</span> <span class='ocrx_word' id='word_1_200' title='bbox 1915 1966 2057 2045; x_wconf 73' lang='lat' dir='ltr'>ipsis</span> 
     </span>
     <span class='ocr_line' id='line_1_25' title="bbox 73 2045 2064 2124; baseline -0.001 -18"><span class='ocrx_word' id='word_1_201' title='bbox 73 2046 240 2117; x_wconf 89' lang='lat' dir='ltr'>locis,</span> <span class='ocrx_word' id='word_1_202' title='bbox 260 2047 360 2105; x_wconf 85' lang='lat' dir='ltr'>ubi</span> <span class='ocrx_word' id='word_1_203' title='bbox 389 2046 506 2105; x_wconf 85' lang='lat' dir='ltr'>vivi</span> <span class='ocrx_word' id='word_1_204' title='bbox 536 2045 744 2124; x_wconf 86' lang='lat' dir='ltr'>sepulti</span> <span class='ocrx_word' id='word_1_205' title='bbox 772 2057 920 2117; x_wconf 88' lang='lat' dir='ltr'>sunt,</span> <span class='ocrx_word' id='word_1_206' title='bbox 942 2066 1076 2105; x_wconf 85' lang='lat' dir='ltr'>aras</span> <span class='ocrx_word' id='word_1_207' title='bbox 1095 2058 1591 2118; x_wconf 85' lang='lat' dir='ltr'>consecraverunt,</span> <span class='ocrx_word' id='word_1_208' title='bbox 1613 2064 1929 2123; x_wconf 87' lang='lat' dir='ltr'>eorumque</span> <span class='ocrx_word' id='word_1_209' title='bbox 1940 2046 2064 2119; x_wconf 48' lang='lat' dir='ltr'>‘vir-f</span> 
     </span>
     <span class='ocr_line' id='line_1_26' title="bbox 71 2124 1371 2203; baseline 0.002 -21"><span class='ocrx_word' id='word_1_210' title='bbox 71 2135 259 2184; x_wconf 88' lang='lat' dir='ltr'>tutem</span> <span class='ocrx_word' id='word_1_211' title='bbox 285 2126 534 2185; x_wconf 89' lang='lat' dir='ltr'>aeternis</span> <span class='ocrx_word' id='word_1_212' title='bbox 562 2124 880 2184; x_wconf 88' lang='lat' dir='ltr'>honoribus</span> <span class='ocrx_word' id='word_1_213' title='bbox 907 2126 1198 2203; x_wconf 81' lang='lat' dir='ltr'>prosecuti</span> <span class='ocrx_word' id='word_1_214' title='bbox 1224 2137 1371 2184; x_wconf 88' lang='lat' dir='ltr'>sunt.</span> 
     </span>
    </p>

    <p class='ocr_par' dir='ltr' id='par_1_5' title="bbox 72 2196 2117 2838">
     <span class='ocr_line' id='line_1_27' title="bbox 162 2196 2059 2294; baseline 0.003 -35"><span class='ocrx_word' id='word_1_215' title='bbox 162 2209 254 2264; x_wconf 87' lang='lat'>75.</span> <span class='ocrx_word' id='word_1_216' title='bbox 297 2205 446 2264; x_wconf 89' lang='lat' dir='ltr'>Inde</span> <span class='ocrx_word' id='word_1_217' title='bbox 473 2205 548 2264; x_wconf 87' lang='lat' dir='ltr'>ad</span> <span class='ocrx_word' id='word_1_218' title='bbox 579 2196 1415 2284; x_wconf 54' lang='lat' dir='ltr'>Catabathintrm⁸,Cyrenaica⁸</span> <span class='ocrx_word' id='word_1_219' title='bbox 1426 2204 1765 2294; x_wconf 79' lang='lat' dir='ltr'>porrigitur,</span> <span class='ocrx_word' id='word_1_220' title='bbox 1785 2204 1887 2265; x_wconf 88' lang='lat' dir='ltr'>ubi</span> <span class='ocrx_word' id='word_1_221' title='bbox 1916 2207 2059 2265; x_wconf 87' lang='lat' dir='ltr'>Am·</span> 
     </span>
     <span class='ocr_line' id='line_1_28' title="bbox 72 2281 2056 2362; baseline 0.002 -21"><span class='ocrx_word' id='word_1_222' title='bbox 72 2283 270 2342; x_wconf 87' lang='lat' dir='ltr'>monis</span> <span class='ocrx_word' id='word_1_223' title='bbox 282 2285 594 2346; x_wconf 75' lang='lat' dir='ltr'>oraculum</span> <span class='ocrx_word' id='word_1_224' title='bbox 620 2295 674 2343; x_wconf 88' lang='lat' dir='ltr'>et</span> <span class='ocrx_word' id='word_1_225' title='bbox 699 2284 827 2343; x_wconf 87' lang='lat' dir='ltr'>fons</span> <span class='ocrx_word' id='word_1_226' title='bbox 853 2281 1103 2362; x_wconf 88' lang='lat' dir='ltr'>quidam,</span> <span class='ocrx_word' id='word_1_227' title='bbox 1125 2302 1299 2360; x_wconf 89' lang='lat' dir='ltr'>quem</span> <span class='ocrx_word' id='word_1_228' title='bbox 1320 2281 1490 2343; x_wconf 83' lang='lat' dir='ltr'>Sohs⁷</span> <span class='ocrx_word' id='word_1_229' title='bbox 1506 2303 1633 2344; x_wconf 85' lang='lat' dir='ltr'>esse</span> <span class='ocrx_word' id='word_1_230' title='bbox 1653 2283 1861 2345; x_wconf 80' lang='lat' dir='ltr'>dicunt,</span> <span class='ocrx_word' id='word_1_231' title='bbox 1935 2285 2056 2345; x_wconf 87' lang='lat' dir='ltr'>Hic</span> 
     </span>
     <span class='ocr_line' id='line_1_29' title="bbox 72 2362 2117 2441; baseline 0.001 -21"><span class='ocrx_word' id='word_1_232' title='bbox 72 2362 204 2421; x_wconf 83' lang='lat' dir='ltr'>fons</span> <span class='ocrx_word' id='word_1_233' title='bbox 232 2362 428 2423; x_wconf 87' lang='lat' dir='ltr'>media</span> <span class='ocrx_word' id='word_1_234' title='bbox 452 2373 619 2422; x_wconf 90' lang='lat' dir='ltr'>nocte</span> <span class='ocrx_word' id='word_1_235' title='bbox 643 2363 836 2432; x_wconf 77' lang='lat' dir='ltr'>fervet,</span> <span class='ocrx_word' id='word_1_236' title='bbox 854 2374 994 2438; x_wconf 47' lang='lat' dir='ltr'>tum,</span> <span class='ocrx_word' id='word_1_237' title='bbox 1007 2362 1287 2439; x_wconf 86' lang='lat' dir='ltr'>paulatim</span> <span class='ocrx_word' id='word_1_238' title='bbox 1311 2362 1576 2441; x_wconf 85' lang='lat' dir='ltr'>tepescit;</span> <span class='ocrx_word' id='word_1_239' title='bbox 1621 2365 1743 2432; x_wconf 85' lang='lat' dir='ltr'>sole</span> <span class='ocrx_word' id='word_1_240' title='bbox 1760 2362 1977 2423; x_wconf 88' lang='lat' dir='ltr'>oriente</span> <span class='ocrx_word' id='word_1_241' title='bbox 1994 2364 2058 2422; x_wconf 83' lang='lat' dir='ltr'>fit</span> <span class='ocrx_word' id='word_1_242' title='bbox 2112 2399 2117 2404; x_wconf 95' lang='lat'>·</span> 
     </span>
     <span class='ocr_line' id='line_1_30' title="bbox 73 2440 2058 2521; baseline 0 -22"><span class='ocrx_word' id='word_1_243' title='bbox 73 2441 360 2520; x_wconf 80' lang='lat' dir='ltr'>frigidus3</span> <span class='ocrx_word' id='word_1_244' title='bbox 394 2462 500 2521; x_wconf 88' lang='lat' dir='ltr'>per</span> <span class='ocrx_word' id='word_1_245' title='bbox 527 2440 824 2501; x_wconf 69' lang='lat' dir='ltr'>meridiem</span> <span class='ocrx_word' id='word_1_246' title='bbox 848 2440 1101 2501; x_wconf 61' lang='lat' dir='ltr'>maxime.</span> <span class='ocrx_word' id='word_1_247' title='bbox 1129 2440 1285 2517; x_wconf 60' lang='lat' dir='ltr'>rig-et.</span> <span class='ocrx_word' id='word_1_248' title='bbox 1351 2442 1763 2504; x_wconf 79' lang='lat' dir='ltr'>Catabathmus</span> <span class='ocrx_word' id='word_1_249' title='bbox 1783 2440 2058 2509; x_wconf 76' lang='lat' dir='ltr'>vallisest</span> 
     </span>
     <span class='ocr_line' id='line_1_31' title="bbox 76 2520 1086 2598; baseline -0.008 -18"><span class='ocrx_word' id='word_1_250' title='bbox 76 2521 532 2594; x_wconf 75' lang='lat' dir='ltr'>devexa.versus</span> <span class='ocrx_word' id='word_1_251' title='bbox 561 2520 856 2598; x_wconf 62' lang='lat' dir='ltr'>Aegypt-„m</span> <span class='ocrx_word' id='word_1_252' title='bbox 897 2569 900 2572; x_wconf 72' lang='grc'>,</span> <span class='ocrx_word' id='word_1_253' title='bbox 1079 2521 1086 2529; x_wconf 91' lang='grc'><strong>’</strong></span> 
     </span>
     <span class='ocr_line' id='line_1_32' title="bbox 75 2600 800 2678; baseline -0.004 -18"><span class='ocrx_word' id='word_1_254' title='bbox 75 2600 283 2678; x_wconf 77' lang='lat' dir='ltr'>populi</span> <span class='ocrx_word' id='word_1_255' title='bbox 300 2600 483 2661; x_wconf 86' lang='lat' dir='ltr'>urbes</span> <span class='ocrx_word' id='word_1_256' title='bbox 509 2620 628 2659; x_wconf 80' lang='lat' dir='ltr'>non</span> <span class='ocrx_word' id='word_1_257' title='bbox 656 2601 800 2657; x_wconf 67' lang='lat' dir='ltr'>habu</span> 
     </span>
     <span class='ocr_line' id='line_1_33' title="bbox 74 2680 792 2757; baseline 0 -20"><span class='ocrx_word' id='word_1_258' title='bbox 74 2689 372 2739; x_wconf 81' lang='lat' dir='ltr'>vocantur.</span> <span class='ocrx_word' id='word_1_259' title='bbox 413 2722 421 2729; x_wconf 88' lang='lat'>-</span> <span class='ocrx_word' id='word_1_260' title='bbox 460 2680 696 2757; x_wconf 65' lang='lat' dir='ltr'>Vulgus</span> <span class='ocrx_word' id='word_1_261' title='bbox 728 2701 792 2757; x_wconf 61' lang='lat' dir='ltr'>pe.</span> 
     </span>
     <span class='ocr_line' id='line_1_34' title="bbox 76 2759 844 2838; baseline -0.007 -17"><span class='ocrx_word' id='word_1_262' title='bbox 76 2777 408 2836; x_wconf 71' lang='lat' dir='ltr'>succusque</span> <span class='ocrx_word' id='word_1_263' title='bbox 430 2759 736 2838; x_wconf 71' lang='lat' dir='ltr'>baccarum</span> <span class='ocrx_word' id='word_1_264' title='bbox 760 2781 768 2833; x_wconf 76' lang='lat'>3</span> <span class='ocrx_word' id='word_1_265' title='bbox 832 2801 844 2817; x_wconf 68' lang='grc'><strong>.</strong></span> 
     </span>
    </p>
   </div>
   <div class='ocr_carea' id='block_1_3' title="bbox 40 2521 2114 3789">
    <p class='ocr_par' dir='ltr' id='par_1_6' title="bbox 78 2521 2076 3076">
     <span class='ocr_line' id='line_1_35' title="bbox 1141 2521 2060 2596; baseline 0.003 -20"><span class='ocrx_word' id='word_1_266' title='bbox 1141 2521 1317 2577; x_wconf 60' lang='lat' dir='ltr'>{ruitur</span> <span class='ocrx_word' id='word_1_267' title='bbox 1344 2521 1554 2581; x_wconf 76' lang='lat' dir='ltr'>Africa,</span> <span class='ocrx_word' id='word_1_268' title='bbox 1640 2522 1903 2596; x_wconf 78' lang='lat' dir='ltr'>Proximi</span> <span class='ocrx_word' id='word_1_269' title='bbox 1944 2521 2060 2579; x_wconf 83' lang='lat' dir='ltr'>his·</span> 
     </span>
     <span class='ocr_line' id='line_1_36' title="bbox 1229 2598 2059 2678; baseline 0.002 -21"><span class='ocrx_word' id='word_1_270' title='bbox 1229 2600 1370 2660; x_wconf 77' lang='lat' dir='ltr'>uriis</span> <span class='ocrx_word' id='word_1_271' title='bbox 1398 2602 1613 2671; x_wconf 80' lang='lat' dir='ltr'>vivunt,</span> <span class='ocrx_word' id='word_1_272' title='bbox 1632 2619 1781 2678; x_wconf 88' lang='lat' dir='ltr'>quae</span> <span class='ocrx_word' id='word_1_273' title='bbox 1808 2598 2059 2677; x_wconf 83' lang='lat' dir='ltr'>mapalia</span> 
     </span>
     <span class='ocr_line' id='line_1_37' title="bbox 1209 2678 2057 2757; baseline 0.001 -20"><span class='ocrx_word' id='word_1_274' title='bbox 1209 2701 1273 2737; x_wconf 75' lang='lat' dir='ltr'>m·</span> <span class='ocrx_word' id='word_1_275' title='bbox 1305 2678 1562 2757; x_wconf 75' lang='lat' dir='ltr'>pellibus.</span> <span class='ocrx_word' id='word_1_276' title='bbox 1636 2680 1830 2749; x_wconf 71' lang='lat' dir='ltr'>Pctus</span> <span class='ocrx_word' id='word_1_277' title='bbox 1856 2690 1939 2737; x_wconf 87' lang='lat' dir='ltr'>est</span> <span class='ocrx_word' id='word_1_278' title='bbox 1966 2678 2057 2739; x_wconf 85' lang='lat' dir='ltr'>lae</span> 
     </span>
     <span class='ocr_line' id='line_1_38' title="bbox 1245 2757 2076 2829; baseline 0 -12"><span class='ocrx_word' id='word_1_279' title='bbox 1245 2758 1550 2829; x_wconf 83' lang='lat' dir='ltr'>Interiores</span> <span class='ocrx_word' id='word_1_280' title='bbox 1577 2758 1750 2819; x_wconf 87' lang='lat' dir='ltr'>etiarn</span> <span class='ocrx_word' id='word_1_281' title='bbox 1784 2757 2076 2829; x_wconf 47' lang='lat' dir='ltr'>incultius,</span> 
     </span>
     <span class='ocr_line' id='line_1_39' title="bbox 1177 2836 2060 2915; baseline 0.003 -22"><span class='ocrx_word' id='word_1_282' title='bbox 1177 2849 1310 2913; x_wconf 62' lang='lat' dir='ltr'>ique</span> <span class='ocrx_word' id='word_1_283' title='bbox 1336 2836 1399 2901; x_wconf 84' lang='lat' dir='ltr'>hi</span> <span class='ocrx_word' id='word_1_284' title='bbox 1424 2836 1638 2915; x_wconf 83' lang='lat' dir='ltr'>pabulo</span> <span class='ocrx_word' id='word_1_285' title='bbox 1658 2836 1961 2912; x_wconf 82' lang='lat' dir='ltr'>ducuntur,</span> <span class='ocrx_word' id='word_1_286' title='bbox 1979 2836 2060 2896; x_wconf 87' lang='lat' dir='ltr'>ita</span> 
     </span>
     <span class='ocr_line' id='line_1_40' title="bbox 1156 2916 2061 2986; baseline 0.001 -13"><span class='ocrx_word' id='word_1_287' title='bbox 1156 2937 1213 2973; x_wconf 62' lang='lat' dir='ltr'>os</span> <span class='ocrx_word' id='word_1_288' title='bbox 1241 2916 1429 2977; x_wconf 72' lang='lat' dir='ltr'>nullas</span> <span class='ocrx_word' id='word_1_289' title='bbox 1455 2916 1678 2986; x_wconf 87' lang='lat' dir='ltr'>habent,</span> <span class='ocrx_word' id='word_1_290' title='bbox 1700 2916 1889 2984; x_wconf 79' lang='lat' dir='ltr'>necin</span> <span class='ocrx_word' id='word_1_291' title='bbox 1908 2935 2061 2976; x_wconf 90' lang='lat' dir='ltr'>com-</span> 
     </span>
     <span class='ocr_line' id='line_1_41' title="bbox 78 2995 2056 3076; baseline -0.001 -22"><span class='ocrx_word' id='word_1_292' title='bbox 78 3016 259 3060; x_wconf 85' lang='lat' dir='ltr'>mune</span> <span class='ocrx_word' id='word_1_293' title='bbox 280 2996 616 3056; x_wconf 61' lang='lat' dir='ltr'>consultantm</span> <span class='ocrx_word' id='word_1_294' title='bbox 684 2997 836 3053; x_wconf 61' lang='lat' dir='ltr'>Inter</span> <span class='ocrx_word' id='word_1_295' title='bbox 860 2997 894 3053; x_wconf 84' lang='lat' dir='ltr'>h</span> <span class='ocrx_word' id='word_1_296' title='bbox 904 3001 969 3053; x_wconf 58' lang='grc' dir='ltr'>οὲ</span> <span class='ocrx_word' id='word_1_297' title='bbox 989 2997 1381 3073; x_wconf 61' lang='lat' dir='ltr'>&#39;l&#39;j-ssgl222djtae</span> <span class='ocrx_word' id='word_1_298' title='bbox 1402 2997 1462 3056; x_wconf 91' lang='lat' dir='ltr'>in</span> <span class='ocrx_word' id='word_1_299' title='bbox 1482 2996 1768 3076; x_wconf 83' lang='lat' dir='ltr'>specubus</span> <span class='ocrx_word' id='word_1_300' title='bbox 1788 2995 2056 3066; x_wconf 84' lang='lat' dir='ltr'>habitant,</span> 
     </span>
    </p>

    <p class='ocr_par' dir='ltr' id='par_1_7' title="bbox 40 3073 2114 3789">
     <span class='ocr_line' id='line_1_42' title="bbox 43 3073 1939 3154; baseline 0.002 -22"><span class='ocrx_word' id='word_1_301' title='bbox 43 3148 50 3154; x_wconf 33' lang='grc'><strong>,</strong></span> <span class='ocrx_word' id='word_1_302' title='bbox 79 3076 559 3153; x_wconf 83' lang='lat' dir='ltr'>serpentibusque</span> <span class='ocrx_word' id='word_1_303' title='bbox 584 3074 827 3135; x_wconf 86' lang='lat' dir='ltr'>aluntur.</span> <span class='ocrx_word' id='word_1_304' title='bbox 1096 3073 1107 3088; x_wconf 84' lang='lat'>’</span> <span class='ocrx_word' id='word_1_305' title='bbox 1220 3109 1224 3115; x_wconf 96' lang='lat'><em>-</em></span> <span class='ocrx_word' id='word_1_306' title='bbox 1546 3115 1553 3123; x_wconf 93' lang='lat'><em>-</em></span> <span class='ocrx_word' id='word_1_307' title='bbox 1933 3131 1939 3136; x_wconf 92' lang='lat'>.</span> 
     </span>
     <span class='ocr_line' id='line_1_43' title="bbox 158 3151 2059 3232; baseline 0 -20"><span class='ocrx_word' id='word_1_308' title='bbox 158 3159 253 3215; x_wconf 87' lang='grc'>76.</span> <span class='ocrx_word' id='word_1_309' title='bbox 302 3153 592 3219; x_wconf 67' lang='lat' dir='ltr'>Ferarum</span> <span class='ocrx_word' id='word_1_310' title='bbox 614 3152 812 3213; x_wconf 87' lang='lat' dir='ltr'>Africa</span> <span class='ocrx_word' id='word_1_311' title='bbox 827 3151 1197 3213; x_wconf 80' lang='lat' dir='ltr'>feracissima.</span> <span class='ocrx_word' id='word_1_312' title='bbox 1260 3151 1497 3224; x_wconf 87' lang='lat' dir='ltr'>Pardos,</span> <span class='ocrx_word' id='word_1_313' title='bbox 1518 3153 1843 3232; x_wconf 76' lang='lat' dir='ltr'>pantheras,</span> <span class='ocrx_word' id='word_1_314' title='bbox 1865 3151 2059 3214; x_wconf 82' lang='lat' dir='ltr'>leones</span> 
     </span>
     <span class='ocr_line' id='line_1_44' title="bbox 49 3232 2107 3311; baseline 0 -19"><span class='ocrx_word' id='word_1_315' title='bbox 49 3233 290 3310; x_wconf 83' lang='lat' dir='ltr'>-gignit,</span> <span class='ocrx_word' id='word_1_316' title='bbox 312 3232 466 3311; x_wconf 90' lang='lat' dir='ltr'>quod</span> <span class='ocrx_word' id='word_1_317' title='bbox 491 3232 820 3293; x_wconf 84' lang='lat' dir='ltr'>belluarum</span> <span class='ocrx_word' id='word_1_318' title='bbox 848 3252 1035 3309; x_wconf 88' lang='lat' dir='ltr'>genus</span> <span class='ocrx_word' id='word_1_319' title='bbox 1052 3233 1299 3310; x_wconf 85' lang='lat' dir='ltr'>Europa</span> <span class='ocrx_word' id='word_1_320' title='bbox 1325 3233 1565 3309; x_wconf 83' lang='lat' dir='ltr'>ignorat.</span> <span class='ocrx_word' id='word_1_321' title='bbox 1631 3234 1815 3293; x_wconf 85' lang='lat' dir='ltr'>Le&#39;oni</span> <span class='ocrx_word' id='word_1_322' title='bbox 1844 3232 2061 3311; x_wconf 79' lang='lat' dir='ltr'>praeci·</span> <span class='ocrx_word' id='word_1_323' title='bbox 2104 3252 2107 3255; x_wconf 86' lang='grc'><em>·</em></span> 
     </span>
     <span class='ocr_line' id='line_1_45' title="bbox 75 3310 2060 3392; baseline -0.001 -21"><span class='ocrx_word' id='word_1_324' title='bbox 75 3333 194 3390; x_wconf 88' lang='lat' dir='ltr'>pua</span> <span class='ocrx_word' id='word_1_325' title='bbox 213 3310 631 3391; x_wconf 73' lang='lat' dir='ltr'>generositas.&#39;⁰</span> <span class='ocrx_word' id='word_1_326' title='bbox 689 3311 1032 3371; x_wconf 81' lang='lat' dir='ltr'>Prostrati&#39;s¹¹</span> <span class='ocrx_word' id='word_1_327' title='bbox 1050 3329 1287 3389; x_wconf 87' lang='lat' dir='ltr'>parcere</span> <span class='ocrx_word' id='word_1_328' title='bbox 1305 3310 1541 3389; x_wconf 87' lang='lat' dir='ltr'>dicitur;</span> <span class='ocrx_word' id='word_1_329' title='bbox 1586 3313 1647 3372; x_wconf 89' lang='lat' dir='ltr'>in</span> <span class='ocrx_word' id='word_1_330' title='bbox 1665 3312 1906 3392; x_wconf 77' lang='lat' dir='ltr'>infantes</span> <span class='ocrx_word' id='word_1_331' title='bbox 1922 3332 2060 3371; x_wconf 88' lang='lat' dir='ltr'>non·</span> 
     </span>
     <span class='ocr_line' id='line_1_46' title="bbox 40 3385 2091 3472; baseline -0.001 -21"><span class='ocrx_word' id='word_1_332' title='bbox 40 3425 49 3472; x_wconf 80' lang='lat'>².</span> <span class='ocrx_word' id='word_1_333' title='bbox 74 3393 190 3451; x_wconf 80' lang='lat' dir='ltr'>nisi</span> <span class='ocrx_word' id='word_1_334' title='bbox 219 3405 459 3457; x_wconf 82' lang='lat' dir='ltr'>summa</span> <span class='ocrx_word' id='word_1_335' title='bbox 485 3391 636 3451; x_wconf 81' lang='lat' dir='ltr'>fame</span> <span class='ocrx_word' id='word_1_336' title='bbox 656 3389 848 3451; x_wconf 83' lang='lat' dir='ltr'>saevit.</span> <span class='ocrx_word' id='word_1_337' title='bbox 921 3390 1127 3452; x_wconf 84' lang='lat' dir='ltr'>Animi</span> <span class='ocrx_word' id='word_1_338' title='bbox 1155 3390 1279 3467; x_wconf 88' lang='lat' dir='ltr'>ejus</span> <span class='ocrx_word' id='word_1_339' title='bbox 1301 3390 1690 3460; x_wconf 76' lang='lat' dir='ltr'>indexcauda,</span> <span class='ocrx_word' id='word_1_340' title='bbox 1708 3410 1897 3469; x_wconf 89' lang='lat' dir='ltr'>quam,</span> <span class='ocrx_word' id='word_1_341' title='bbox 1920 3385 2060 3466; x_wconf 82' lang='lat' dir='ltr'>dum</span> <span class='ocrx_word' id='word_1_342' title='bbox 2084 3401 2091 3407; x_wconf 83' lang='lat'>‘</span> 
     </span>
     <span class='ocr_line' id='line_1_47' title="bbox 42 3468 2060 3549; baseline -0.001 -20"><span class='ocrx_word' id='word_1_343' title='bbox 42 3511 45 3544; x_wconf 74' lang='grc'>,</span> <span class='ocrx_word' id='word_1_344' title='bbox 77 3470 346 3549; x_wconf 87' lang='lat' dir='ltr'>placidus</span> <span class='ocrx_word' id='word_1_345' title='bbox 363 3482 462 3540; x_wconf 86' lang='lat' dir='ltr'>est,</span> <span class='ocrx_word' id='word_1_346' title='bbox 483 3471 776 3530; x_wconf 85' lang='lat' dir='ltr'>immotam</span> <span class='ocrx_word' id='word_1_347' title='bbox 796 3481 983 3529; x_wconf 83' lang='lat' dir='ltr'>servat</span> <span class='ocrx_word' id='word_1_348' title='bbox 994 3475 1009 3547; x_wconf 87' lang='lat'>;&#39;</span> <span class='ocrx_word' id='word_1_349' title='bbox 1038 3468 1177 3536; x_wconf 89' lang='lat' dir='ltr'>dum</span> <span class='ocrx_word' id='word_1_350' title='bbox 1195 3469 1475 3540; x_wconf 88' lang='lat' dir='ltr'>irascitur,</span> <span class='ocrx_word' id='word_1_351' title='bbox 1490 3481 1701 3530; x_wconf 85' lang='lat' dir='ltr'>terram</span> <span class='ocrx_word' id='word_1_352' title='bbox 1721 3481 1773 3529; x_wconf 91' lang='lat' dir='ltr'>et</span> <span class='ocrx_word' id='word_1_353' title='bbox 1789 3489 1852 3528; x_wconf 85' lang='lat' dir='ltr'>se</span> <span class='ocrx_word' id='word_1_354' title='bbox 1868 3470 2060 3546; x_wconf 84' lang='lat' dir='ltr'>ipsum</span> 
     </span>
     <span class='ocr_line' id='line_1_48' title="bbox 42 3548 2114 3628; baseline -0.003 -20"><span class='ocrx_word' id='word_1_355' title='bbox 42 3571 47 3595; x_wconf 58' lang='grc' dir='ltr'><em>τ</em></span> <span class='ocrx_word' id='word_1_356' title='bbox 78 3570 142 3609; x_wconf 81' lang='lat' dir='ltr'>ea</span> <span class='ocrx_word' id='word_1_357' title='bbox 164 3548 446 3628; x_wconf 81' lang='lat' dir='ltr'>flagellat.</span> <span class='ocrx_word' id='word_1_358' title='bbox 498 3550 608 3609; x_wconf 92' lang='lat' dir='ltr'>Vis</span> <span class='ocrx_word' id='word_1_359' title='bbox 627 3564 857 3608; x_wconf 88' lang='lat' dir='ltr'>summa</span> <span class='ocrx_word' id='word_1_360' title='bbox 872 3548 934 3607; x_wconf 87' lang='lat' dir='ltr'>in</span> <span class='ocrx_word' id='word_1_361' title='bbox 951 3559 1193 3627; x_wconf 77' lang='lat' dir='ltr'>pectore,</span> <span class='ocrx_word' id='word_1_362' title='bbox 1252 3549 1313 3609; x_wconf 84' lang='lat' dir='ltr'>Si</span> <span class='ocrx_word' id='word_1_363' title='bbox 1332 3549 1534 3626; x_wconf 85' lang='lat' dir='ltr'>sugere</span> <span class='ocrx_word' id='word_1_364' title='bbox 1551 3549 1792 3627; x_wconf 82' lang='lat' dir='ltr'>cogitur,</span> <span class='ocrx_word' id='word_1_365' title='bbox 1814 3557 2059 3604; x_wconf 87' lang='lat' dir='ltr'>contem·</span> <span class='ocrx_word' id='word_1_366' title='bbox 2109 3607 2114 3610; x_wconf 62' lang='grc'><strong>,</strong></span> 
     </span>
     <span class='ocr_line' id='line_1_49' title="bbox 78 3626 2059 3707; baseline -0.003 -19"><span class='ocrx_word' id='word_1_367' title='bbox 78 3631 174 3688; x_wconf 85' lang='lat' dir='ltr'>tim</span> <span class='ocrx_word' id='word_1_368' title='bbox 216 3629 389 3705; x_wconf 81' lang='lat' dir='ltr'>cedit,</span> <span class='ocrx_word' id='word_1_369' title='bbox 419 3648 596 3707; x_wconf 88' lang='lat' dir='ltr'>quam</span> <span class='ocrx_word' id='word_1_370' title='bbox 624 3628 726 3689; x_wconf 85' lang='lat' dir='ltr'>diu</span> <span class='ocrx_word' id='word_1_371' title='bbox 757 3630 1003 3706; x_wconf 82' lang='lat' dir='ltr'>spectari</span> <span class='ocrx_word' id='word_1_372' title='bbox 1037 3629 1248 3706; x_wconf 77' lang='lat' dir='ltr'>potest3</span> <span class='ocrx_word' id='word_1_373' title='bbox 1269 3628 1361 3687; x_wconf 91' lang='lat' dir='ltr'>·in.</span> <span class='ocrx_word' id='word_1_374' title='bbox 1381 3628 1544 3688; x_wconf 78' lang='lat' dir='ltr'>silvis</span> <span class='ocrx_word' id='word_1_375' title='bbox 1570 3626 1853 3687; x_wconf 82' lang='lat' dir='ltr'>acerrimo</span> <span class='ocrx_word' id='word_1_376' title='bbox 1881 3641 2059 3682; x_wconf 75' lang='lat' dir='ltr'>cursu</span> 
     </span>
     <span class='ocr_line' id='line_1_50' title="bbox 79 3700 2061 3789; baseline -0.006 -18"><span class='ocrx_word' id='word_1_377' title='bbox 79 3710 271 3772; x_wconf 81' lang='lat' dir='ltr'>fertur.</span> <span class='ocrx_word' id='word_1_378' title='bbox 333 3707 692 3772; x_wconf 69' lang='lat' dir='ltr'>vulneratus</span> <span class='ocrx_word' id='word_1_379' title='bbox 718 3705 1132 3789; x_wconf 71' lang='lat' dir='ltr'>percussorem</span> <span class='ocrx_word' id='word_1_380' title='bbox 1144 3705 1317 3780; x_wconf 84' lang='lat' dir='ltr'>novit,</span> <span class='ocrx_word' id='word_1_381' title='bbox 1333 3717 1389 3772; x_wconf 74' lang='lat' dir='ltr'>et</span> <span class='ocrx_word' id='word_1_382' title='bbox 1415 3707 1477 3767; x_wconf 88' lang='lat' dir='ltr'>in</span> <span class='ocrx_word' id='word_1_383' title='bbox 1503 3701 1848 3787; x_wconf 85' lang='lat' dir='ltr'>quantalibet</span> <span class='ocrx_word' id='word_1_384' title='bbox 1871 3700 2061 3761; x_wconf 84' lang='lat' dir='ltr'>multi·</span> 
     </span>
    </p>
   </div>
   <div class='ocr_carea' id='block_1_4' title="bbox 792 2573 1222 2960">
    <p class='ocr_par' dir='ltr' id='par_1_8' title="bbox 792 2573 1222 2960">
     <span class='ocr_line' id='line_1_51' title="bbox 804 2573 1222 2639; baseline 0 0"><span class='ocrx_word' id='word_1_385' title='bbox 804 2573 1222 2639; x_wconf 95' lang='lat' dir='ltr'>   </span> 
     </span>
     <span class='ocr_line' id='line_1_52' title="bbox 792 2639 1209 2797; baseline -0.002 -79"><span class='ocrx_word' id='word_1_386' title='bbox 792 2639 1209 2797; x_wconf 95' lang='lat' dir='ltr'>      </span> 
     </span>
     <span class='ocr_line' id='line_1_53' title="bbox 872 2797 1177 2960; baseline 0.02 -6"><span class='ocrx_word' id='word_1_387' title='bbox 872 2797 1177 2960; x_wconf 95' lang='lat' dir='ltr'>    </span> 
     </span>
    </p>
   </div>
   <div class='ocr_carea' id='block_1_5' title="bbox 75 2829 1028 2995">
    <p class='ocr_par' dir='ltr' id='par_1_9' title="bbox 75 2829 1028 2995">
     <span class='ocr_line' id='line_1_54' title="bbox 137 2829 884 2916; baseline 0 -20"><span class='ocrx_word' id='word_1_388' title='bbox 137 2848 297 2897; x_wconf 84' lang='lat' dir='ltr'>vunt.</span> <span class='ocrx_word' id='word_1_389' title='bbox 369 2829 700 2916; x_wconf 77' lang='lat' dir='ltr'>Sequuntur</span> <span class='ocrx_word' id='word_1_390' title='bbox 724 2857 884 2913; x_wconf 50' lang='lat' dir='ltr'>{frng-</span> 
     </span>
     <span class='ocr_line' id='line_1_55' title="bbox 75 2915 1028 2995; baseline -0.002 -20"><span class='ocrx_word' id='word_1_391' title='bbox 75 2916 167 2975; x_wconf 88' lang='lat' dir='ltr'>illi</span> <span class='ocrx_word' id='word_1_392' title='bbox 191 2915 433 2995; x_wconf 73' lang='lat' dir='ltr'>tuguria</span> <span class='ocrx_word' id='word_1_393' title='bbox 453 2937 561 2976; x_wconf 87' lang='lat' dir='ltr'>sua</span> <span class='ocrx_word' id='word_1_394' title='bbox 587 2917 965 2995; x_wconf 55' lang='lat' dir='ltr'>promerent*</span> <span class='ocrx_word' id='word_1_395' title='bbox 1025 2918 1028 2920; x_wconf 70' lang='grc'><strong><em>’</em></strong></span> 
     </span>
    </p>
   </div>
  </div>
 </body>
</html>
