2300 4059
333 80 475 129 resarcias
489 84 528 128 or
542 82 734 135 armentar.
986 68 1025 127 68
1144 65 1145 124 l

7 230 8 241 *
50 224 142 285 hortos
150 223 276 284 Alcinoi.
314 218 468 284 Coloniam
476 222 1027 300 hncdeduxemntcorinthiiquotcm·

49 306 123 381 pora¹
139 305 239 365 Numa
255 303 429 381 Pompilius¹
439 306 551 363 Romae
565 302 702 381 regnavit
745 302 852 361 Vicina
865 302 892 361 ei
908 300 1027 371 Ithaca,¹

50 382 164 460 Ulyssis
178 381 274 459 patria,
289 400 392 459 aspera
401 383 551 451 montibus,
563 382 613 441 sed
628 382 751 442 Homeri
764 379 941 440 carminibus
953 378 1027 439 adeo

7 500 8 531 p
48 461 197 528 nobilitata,
211 473 293 519 utne
306 460 488 519 fertilissimis
501 461 617 537 quidem
630 460 798 537 regionibus
811 460 898 519 cedat.

85 543 131 598 28.
155 538 308 599 Thessalia
322 538 378 597 late
394 550 468 617 patet
486 539 559 597 inter
573 538 774 598 Macedoniarn
795 549 822 596 et
842 538 975 616 Epirum¹
988 537 1027 596 fe-

7 624 8 669 ἶ
48 618 140 675 cunda
152 617 404 695 regin-generosis
418 618 571 695 praecipue
585 620 666 694 equis
679 616 831 687 excellens,
844 616 922 675 unde
936 616 1028 675 'Phes-

47 695 174 755 salorum
200 697 342 773 equitatus
367 695 580 755 celeberrimus.
623 698 737 755 Montes
764 696 804 754 ibi
826 696 1027 756 memorabiles

48 774 206 853 Olympus·
220 775 250 833 in
269 793 327 851 quo
344 773 465 834 deorum
482 774 563 833 sedes
584 793 648 833 esse
668 774 852 844 existimatur,
875 774 980 834 Pelion
1001 784 1028 831 et

49 854 127 922 Ossa,
150 872 201 930 per
222 855 310 929 quos⁴v
327 852 469 929 Gigantes
491 854 606 913 coelum
627 853 762 931 petivisse
784 853 933 929 dicuntur3
955 853 1029 911 Oeta

47 932 176 1008 denique,
190 930 220 989 in
234 932 317 1008 cujus
331 932 437 990 vertice
454 929 607 999 Hercules,
623 951 694 1013 rogo
708 950 872 1000 conscenso,
887 950 918 989 se
931 930 1029 1008 ipsum

47 1011 189 1069 cremavit.
234 1012 311 1068 Inter
325 1011 430 1068 Ossam
444 1022 471 1067 et
485 1010 644 1087 Olympum
659 1010 796 1079 Peneus,⁸
809 1009 1030 1087 limpidissimus

46 1088 148 1179 sumis
176 1086 323 1159 delebitur,
351 1087 457 1146 vallem
482 1089 725 1160 amoenissimam,
753 1090 875 1166 Tempe‘
899 1098 1034 1168 vocatam,

46 1178 100 1227 rrri
139 1186 183 1226 ns
596 1172 600 1179 '
1023 1184 1029 1202 ·

85 1187 140 1305 25²
164 1247 243 1307 lnter
268 1246 394 1323 reliquas
422 1244 564 1305 Graeciae
590 1245 725 1321 regiones
751 1245 881 1303 nominis·
902 1243 1030 1304 claritate

46 1326 153 1383 eminet
173 1324 275 1391 Attica,
288 1344 363 1401 quae
383 1324 468 1383 etiarn
489 1324 587 1383 Atthis
604 1336 729 1383 uocauit,
773 1322 821 1382 lbi
831 1322 982 1392 Athenae’
995 1322 1031 1382 de

46 1422 103 1481 qna
123 1402 196 1462 urbe
210 1402 287 1461 deos⁸
300 1402 373 1461 inter
393 1422 424 1461 se
445 1414 568 1463 certasse
588 1403 665 1461 fama
684 1414 733 1461 est.
777 1402 892 1461 Certius
905 1412 954 1472 est,
967 1401 1032 1461 nul·

46 1480 106 1541 lam
118 1476 250 1557 unquam
264 1482 365 1541 urbem
374 1492 413 1540 tot
426 1492 525 1558 poetas
538 1480 647 1551 tulisse,
657 1492 696 1540 tot
709 1491 843 1550 oratores,
852 1492 892 1540 tot
905 1480 1032 1559 philoeo·

64 1560 126 1631 hos,
140 1570 238 1637 totque
251 1560 281 1618 iu
295 1560 374 1619 omni
388 1560 500 1618 virtutis
514 1579 622 1637 genere
634 1559 728 1619 claros
741 1559 825 1619 viros.
861 1562 921 1619 Res
933 1570 1031 1619 autem

45 1580 122 1699 lello
136 1640 197 1698 eas⁰
210 1639 305 1715 gessit,
316 1650 348 1697 ut
361 1638 430 1698 huic
444 1638 498 1697 soli
513 1639 624 1714 gloriae
637 1638 751 1699 studere
761 1639 919 1715 videretur3
941 1638 1032 1717 pacis·

45 1736 102 1795 que
122 1728 198 1776 artes
218 1718 258 1775 ita
276 1718 406 1787 excoluit,
422 1729 453 1775 ut
472 1717 527 1775 hac
548 1717 634 1776 laude
653 1718 749 1794 magis
762 1718 848 1776 etiam
860 1737 949 1793 quam
961 1716 1031 1776 belli

45 1796 141 1873 gloria
164 1795 332 1874 splenderet.
374 1800 440 1855 Arx
458 1796 497 1855 ibi
519 1794 582 1854 sive
599 1797 760 1873 Acropolis,
780 1797 846 1855 urbi
866 1796 1031 1864 imminens,

44 1876 124 1934 unde
136 1875 212 1933 latus
226 1875 257 1933 in
270 1894 350 1933 mare
363 1885 529 1951 prospectus
543 1885 627 1951 patet.
667 1877 725 1933 Per
734 1872 958 1953 ·propylaea¹⁰ad
967 1894 1032 1933 eam

44 1952 236 2022 adscenditur,
251 1952 433 2031 splendidum
448 1953 570 2013 Periclis
584 1973 664 2030 opus
707 1954 786 2012 Cum
806 1953 870 2030 ipsa
889 1952 961 2011 urbe
980 1972 1033 2031 per

44 2034 150 2109 longos
171 2034 290 2091 muros¹¹
308 2033 477 2107 conjunctus
498 2042 540 2089 est
560 2044 658 2109 portus
680 2031 827 2100 Piraeeus,
841 2041 903 2109 post
921 2029 1032 2091 bellurn

45 2110 377 2201 Persicumsecundum
397 2130 415 2169 a
430 2109 626 2172 Themistocle
639 2111 775 2169 munitus.
819 2110 979 2169 Tutissims
992 2110 1033 2171 ihi

42 2201 272 2249 stationarium.

86 2273 133 2329 30.
157 2267 285 2327 Atticam
305 2267 417 2343 attingit
438 2267 565 2337 Boeotia,
587 2259 763 2327 fertilissima
783 2268 873 2346 regio.
917 2264 1033 2327 Incolae

43 2347 144 2424 tnagis
165 2346 334 2423 corporibus
347 2345 450 2415 valent,
464 2364 552 2423 quam
572 2346 705 2423 ingeniis.
748 2348 827 2407 Urbs
847 2346 1034 2408 celeberrima

7 2458 9 2485 t
43 2426 177 2494 Thebae,
192 2444 265 2502 quas
280 2425 437 2503 Amphion,
451 2425 577 2483 musices
591 2426 672 2502 ope‚¹²
684 2425 835 2484 moenibus
855 2424 981 2485 cinxisse
993 2424 1034 2483 di·

7 2592 8 2603 *
42 2503 1033 2650 tltttlll‘dltttillititfflttdffittlttt

7 2702 9 2733 5
41 2662 184 2740 plurimis
199 2671 349 2739 poetarum
363 2661 467 2723 sabulis
480 2660 646 2720 celebratus.
673 2682 678 2692 ·
753 2719 756 2725 ,
971 2713 972 2718 ,

86 2746 134 2800 31.
157 2740 297 2799 Boeotiae
311 2740 419 2800 Phocis
433 2739 561 2809 finitima,
576 2740 626 2799 uhi
648 2738 755 2817 Delphi
775 2738 845 2798 urbs
862 2737 1031 2798 clarissima

41 2820 157 2897 Inque
172 2819 243 2878 urhe
256 2819 408 2879 oraculum
422 2818 568 2895 Apollinis
581 2829 717 2895 quantam
730 2818 806 2895 apud
820 2836 919 2876 omnes
933 2830 1034 2894 gentes

40 2899 247 2957 auctoritatem
270 2897 408 2967 habuerit,
430 2908 498 2973 quot
520 2916 666 2974 quamque
686 2896 834 2975 praeclara
856 2916 977 2955 munera
997 2917 1034 2957 ex

38 2978 128 3037 omni
139 2978 198 3037 iere
207 2988 351 3035 terrarum
361 2976 428 3035 orbe
440 2975 570 3053 Delphos
578 2976 667 3034 misse
677 2976 788 3045 fuerint,
799 2995 885 3035 nemo
893 2975 1034 3053 ignorat.u

40 3057 187 3116 Imminet
197 3055 263 3115 urbi
274 3057 437 3114 Parnassus
446 3074 536 3123 mons,
547 3055 578 3113 in
587 3055 670 3131 cujus
679 3055 833 3114 verticibus
843 3055 947 3113 Musae
956 3054 1034 3113 habi·

36 3150 108 3195 tare
126 3134 268 3203 dicuntur,
282 3132 359 3192 unde
372 3153 447 3211 aque
461 3134 545 3193 sontis
560 3133 681 3193 Castalii
694 3145 845 3213 poetarum
862 3132 981 3209 ingenia
993 3132 1036 3213 inf

7 3254 9 3291 ,
34 3217 200 3277 flammare
214 3212 399 3273 existimatur.

7 3298 9 3309 ⁴
81 3298 137 3353 32.
160 3294 238 3352 Cum
258 3312 293 3351 ee
310 3302 390 3370 parte
404 3291 553 3359 Graeciae,
567 3310 654 3368 quam
668 3292 806 3350 hactenm
820 3290 1033 3369 descripsimus,

23 3348 1034 3525 isrettttunuutttttz1¹²

26 3538 28 3544 ’
85 3552 129 3592 re
145 3540 172 3588 et
186 3530 312 3599 Ionium,
326 3548 377 3607 per
390 3548 477 3605 quern
490 3548 564 3587 aum.
572 3526 725 3603 Megaride
737 3526 875 3594 cohaeret,
888 3526 1036 3583 isthmus¹⁴

16 3608 355 3757 {nihilnhil
374 3601 1035 3765 ‘uittattttuurtattttut

49 3712 89 3755 ra
319 3732 325 3747 ι

7 3926 11 3957 ³
101 3944 202 4008 :aaa²
