2300 4059
328 119 559 165 rrsaasrronss
581 122 770 167 sanatorem.
1002 106 1042 171 97
1136 94 1137 129 ³

106 261 131 318 2
151 256 311 319 Simonides
324 279 415 338 quum
427 262 560 339 ignotum
572 262 719 346 quendam
731 261 888 341 projectum
896 276 1044 321 mortuum
1136 272 1137 275 ’

66 338 186 409 vidisset,
215 358 339 416 eumque
360 338 542 412 humavisset,
572 340 745 419 haberetque
764 342 793 400 in
821 341 919 400 animo
940 360 1045 400 narem
1136 352 1137 367 ³

66 417 260 488 conscendere,
278 420 391 480 moneri
403 422 484 479 visus
497 433 546 488 est,
569 442 607 480 ne
620 421 649 479 id
663 417 773 489 faceret,
797 420 833 479 ah
846 440 888 489 eo,
902 438 989 496 quern
1002 439 1045 477 se·
1136 458 1137 483 ,

65 495 178 573 pultura
189 497 349 559 allaterat:¹
367 497 393 556 si
413 498 590 575 navigasset,
609 520 677 559 eurn
698 500 851 576 naufragio
864 518 928 559 esse
941 498 1045 576 peritu-

66 593 138 633 rum.
175 577 274 653 ltaque
287 576 465 636 Simonidem
478 574 598 637 rediisse
606 579 711 649 dicunt
721 578 842 659 periisse
850 588 984 646 caeteros,
992 574 1043 655 qui
1136 642 1137 649 ,

64 655 341 731 tumuuvigassent.‘
369 655 431 746 (De
446 656 571 727 Divinat
589 659 610 717 1.
626 659 686 735 27.)
774 686 778 693 ·

104 737 139 812 3,.-
151 734 248 793 Midae
270 735 411 813 Phrygio,
431 754 522 812 quum
541 754 614 814 puer
635 746 715 805 esset,
736 735 888 797 dormienti
908 734 1045 795 formicas

65 810 96 869 in
108 830 140 869 os
151 812 236 871 tritici
248 833 341 894 grana
357 818 571 891 congesserunt.
615 815 828 875 Divitissimum
843 815 903 874 lore
916 813 1044 892 praedic·

63 899 125 948 tum
137 895 190 950 est:
211 892 288 967 quod
301 890 402 952 evenit.
424 896 465 952 At
479 891 595 952 Platoni
608 912 698 971 quum
712 894 742 952 in
756 894 839 953 cunis
854 892 973 971 parvulo
982 890 1047 953 dor·
1136 902 1137 913 *

61 968 161 1027 mienti
172 989 241 1047 apes
253 970 284 1029 iu
299 970 410 1031 labellis
423 971 624 1040 mnsedissent
648 992 817 1050 responsum
834 984 883 1040 est,
901 969 1046 1048 singulari

62 1045 145 1105 rllum
158 1049 297 1112 suavitate
309 1050 445 1109 orationis
458 1050 532 1109 fore:
555 1050 594 1109 ita
607 1050 702 1111 sutura
714 1049 877 1129 eloquentia
889 1050 1005 1129 provisa
1014 1050 1046 1109 in

61 1125 166 1189 initote,
178 1137 231 1187 ast
269 1128 331 1210 (De
347 1129 509 1190 Divinat'l„
526 1132 587 1208 36.)

103 1208 128 1264 d
151 1206 252 1267 Quidl
273 1219 427 1267 amoreset
440 1207 562 1267 deliciae
574 1219 647 1276 tuac,
671 1208 805 1279 Roscius,
828 1228 899 1267 nurn
912 1218 962 1265 aut
975 1206 1045 1285 ipse,

58 1293 221 1361 autproeo
241 1297 331 1353 totum
354 1288 521 1346 murium
540 1286 749 1347 mentiebaturl
792 1288 853 1351 Qui
866 1306 957 1364 quum
971 1296 1045 1346 esset

59 1362 94 1421 in
111 1362 271 1433 cunabulis,
290 1363 517 1443 educareturque
529 1365 561 1425 in
574 1365 699 1434 Solonio,
713 1365 764 1443 qui
784 1377 826 1424 est
839 1384 959 1443 campus
979 1364 1046 1442 agri

61 1441 214 1517 lanuvini,
228 1456 322 1512 noctu,
345 1444 455 1503 lumine
467 1442 603 1523 apposito,
626 1456 790 1522 experrecta
803 1444 899 1503 nutrix
919 1443 1047 1503 animad-

59 1520 143 1579 vertit
156 1522 158 1528 ’
174 1537 278 1581 uerum
291 1522 480 1584 dormientem
489 1522 739 1601 circumplicatum
747 1524 886 1603 serpentis
895 1522 1044 1601 amplexu:

59 1617 148 1677 quoa
182 1610 265 1677 pedu
279 1602 411 1661 exterrita
423 1601 580 1663 clamorem
594 1603 714 1662 sustulit.
758 1605 843 1663 Pater
863 1613 960 1663 autem
973 1603 1046 1662 Ros·

58 1676 99 1735 cii
118 1677 156 1736 ad
170 1678 343 1757 ‚haruspices
363 1681 473 1740 retulit:
494 1682 545 1759 qui
558 1681 773 1759 responderunt,
794 1682 869 1741 nihil
889 1680 941 1742 illo
954 1698 1045 1759 puero

57 1756 174 1825 elanus,
187 1756 262 1816 nihil
276 1759 402 1819 nobilius
414 1760 483 1819 fore.
525 1761 587 1841 (De
599 1760 695 1819 Divin.
713 1760 735 1818 1.
752 1763 812 1839 36.)
1030 1757 1033 1765 ’

99 1841 126 1896 5.
152 1837 185 1895 L
202 1835 326 1897 Paullus
339 1837 445 1898 consul
454 1838 567 1906 iterum,
581 1856 672 1915 quurn
686 1838 714 1897 ei
726 1838 837 1897 bellum
850 1848 880 1897 ut
893 1857 961 1897 cum
975 1854 1045 1915 rege

59 1914 152 1975 Perse
165 1927 278 1991 gereret
289 1916 443 1993 obtigisset,
466 1929 498 1975 ut
509 1938 545 1975 ea
557 1918 621 1995 ipsa
634 1916 681 1979 die
694 1917 813 1977 domum
835 1916 871 1977 ad
891 1933 1046 1995 uesperum

58 1992 151 2061 rediit,
165 1992 286 2053 filiolam
298 2014 383 2054 suam
398 1996 535 2066 Tertiam,
545 2015 621 2074 quae
633 2007 694 2054 turn
708 2007 768 2055 erat
781 1994 937 2055 admodum
947 2014 1044 2073 parva,

57 2070 194 2131 osculans
203 2072 401 2134 animadvertit
413 2074 590 2135 tristiculam.
635 2075 716 2141 Quid
725 2084 772 2145 cst,
787 2075 885 2152 inquit,
901 2094 964 2133 areo
978 2075 1047 2134 Ter·

58 2152 131 2210 tia?
151 2153 222 2227 quid
231 2153 325 2216 tristis
338 2156 388 2212 aa?
409 2154 458 2213 Mi
464 2164 557 2229 poter,
567 2152 666 2230 inquit,
676 2154 774 2213 Persa
779 2156 879 2231 periit.
905 2150 1046 2212 Tumills

55 2229 167 2289 arctius
180 2228 309 2308 puellam
323 2232 499 2309 complexus,
523 2232 642 2308 occipio,
665 2232 764 2311 inquit,
787 2233 937 2304 meofilio,
956 2234 1044 2292 omen»

54 2308 133 2369 Erat
146 2320 242 2368 autem
255 2320 387 2369 mortuus
407 2308 527 2369 catellus
540 2331 575 2369 eo
589 2310 714 2371 nomine.
756 2312 817 2393 (De
833 2311 929 2369 Divin.
946 2311 968 2369 1.
985 2310 1045 2403 46.)

99 2389 126 2446 Ca
149 2386 235 2447 Bello
255 2387 308 2447 illo
327 2390 463 2458 maximo,
483 2388 559 2467 quod
573 2388 766 2449 Athenienses
782 2400 808 2448 et
824 2388 1046 2449 Lacedaemonir

53 2485 175 2525 summa
189 2466 262 2526 inter
275 2487 307 2526 se
320 2469 499 2527 contentione
512 2479 669 2545 gesserunt,
684 2468 811 2528 Pericles
825 2468 876 2529 illc
889 2480 915 2528 et
924 2466 1046 2528 auctori·

53 2556 115 2603 tate
128 2556 156 2605 et
170 2542 331 2621 eloquentia
344 2557 371 2606 et
384 2546 505 2606 consilio
518 2548 652 2625 princeps
665 2547 786 2606 civitatis
800 2567 877 2615 suae,
895 2566 986 2627 quum
999 2546 1046 2605 oh

51 2634 173 2683 scureto
188 2623 255 2683 Sole
267 2624 400 2688 tenebrae
413 2626 502 2685 factae
515 2630 609 2684 essent
623 2638 744 2702 repente,
765 2624 1045 2715 Atheniensiumque

51 2702 174 2761 animos
186 2722 319 2762 summus
332 2702 417 2762 timor
431 2704 634 2781 occupavisset,
655 2702 787 2762 docuisse
805 2704 882 2763 cives
896 2722 965 2762 suos
978 2702 1046 2761 dici·

49 2792 111 2849 tur,
126 2779 158 2839 id
170 2782 271 2857 quodi
307 2802 324 2852 e
336 2782 372 2841 ab
387 2785 572 2859 Anaxagora,
587 2781 670 2857 cujus
684 2781 797 2840 auditor
809 2782 907 2851 fuerat,
930 2802 1046 2859 acceps-

49 2870 106 2927 rat,
118 2871 197 2919 certo
211 2859 266 2919 illu
298 2871 426 2938 ternpore
439 2861 502 2921 fieri
516 2872 543 2920 et
555 2861 726 2929 necessario,
740 2880 830 2937 quum
844 2872 900 2919 tota
913 2880 944 2919 se
960 2861 1046 2921 Luna

47 2938 111 2997 sub
125 2938 226 2999 orbem
240 2938 316 2998 Solis
330 2940 512 3016 subjecisset,
533 2939 620 3017 idque
641 2939 707 3001 fieri,
721 2956 779 3017 non
792 2959 877 3019 posse
890 2938 947 2997 nisi
969 2950 1045 2999 certo

47 3016 280 3076 intermenstruo
292 3029 427 3095 ternpore.
472 3017 560 3081 Quod
573 3038 664 3095 quum
687 3017 856 3095 disputando
876 3018 1046 3079 rationibus·

46 3114 112 3173 que
127 3095 280 3166 docuisset,
303 3096 443 3175 populum
456 3095 587 3157 liberavit
601 3108 692 3156 metu:
724 3108 784 3157 erat
800 3098 877 3158 enim
891 3109 958 3157 tunc
973 3098 1045 3157 haec

45 3194 133 3233 nova
146 3175 197 3233 eti
240 3187 285 3233 ota
298 3175 377 3245 ratio.
393 3174 489 3236 Solem
504 3177 607 3235 Lunae
620 3175 781 3253 oppositum
798 3176 891 3237 solere
906 3176 1044 3254 deficere;

44 3253 159 3412 quqss'li
210 3264 285 3335 etem
298 3252 450 3316 Milesium
462 3255 590 3336 primum
604 3254 708 3317 vidisse
722 3254 827 3317 dicim
842 3256 904 3339 (De
918 3252 1043 3339 Republ-
