2300 4059
124 99 164 165 st
267 115 391 163 mres
404 113 706 184 aeconomum
720 112 959 163 succisiones.

312 362 355 419 ll.
379 359 507 419 Ciceros
520 357 631 442 Sicilia
643 356 767 417 Romam
782 373 918 418 mersus.

162 514 275 583 Cicero,
291 514 460 577 Quaestoris
473 531 596 575 munere
609 512 665 575 insi
688 514 720 573 ni
739 514 825 575 laude
845 515 1023 595 perfunctus,
1039 516 1099 577 eSt·

120 592 189 654 cilia
202 594 286 653 rediit
299 596 432 661 Romam,
454 592 634 671 gravissimis
648 606 658 651 t
721 594 805 655 bellis
819 614 951 673 pressam
969 606 998 653 et
1011 595 1100 654 disten·

119 684 186 733 tam
229 674 273 732 Ibi
287 692 339 751 per
351 674 480 752 quinque
497 692 590 731 annos
603 672 634 731 in
646 674 744 733 causis
756 673 884 733 dicendis
905 674 946 733 ita
966 672 1100 743 excelluit,

120 762 152 810 ut
165 752 238 811 inter
251 770 351 811 omnes
364 771 519 811 causarum
568 764 667 811 tronos
690 764 717 811 et
730 764 803 812 esset
822 764 848 811 et
866 753 1023 812 haberetur
1036 752 1102 831 prin·

120 848 195 910 ceps.
236 832 302 891 Jarn
316 849 384 891 vero
398 851 489 910 quum
508 772 627 901 udaeam
640 843 760 891 aetatem
774 832 957 910 pervenisset,
981 830 1101 913 (triginta

119 920 148 968 et
160 921 269 987 septem
283 930 374 971 annos
386 928 448 970 tum
461 924 545 969 natus
559 912 640 987 erat)
651 930 725 989 quae
739 912 902 989 praestituta
917 909 973 993 fuit
986 910 1101 969 aedilita·

119 999 178 1046 tem
200 989 245 1049 rel
267 1002 431 1069 praeturam
443 987 590 1069 petituris,
610 1008 717 1049 nomen
738 1010 826 1052 suum
846 993 920 1066 inter
944 988 1101 1049 candidatos

118 1066 270 1129 aedilitatis
284 1069 429 1147 professus
442 1081 484 1128 est
497 1090 531 1128 eo
545 1087 689 1138 successu,
703 1080 741 1139 ut,
752 1068 896 1147 praelatus
910 1069 1035 1129 caderis
1047 1090 1103 1127 can·

119 1143 232 1207 didatus
246 1147 386 1218 omussrus,
405 1168 463 1207 uno
476 1164 527 1207 ore
539 1146 671 1206 omnium
685 1148 798 1209 Aedilis
813 1148 936 1208 Curulis
955 1160 1101 1208 crearetur.

391 1338 435 1393 12
458 1334 562 1393 Cicero
580 1332 698 1393 Verrem
712 1341 837 1395 accusat.
942 1326 945 1335 ’

159 1490 336 1570 Priusquam
344 1490 517 1551 aedilitatem
525 1488 621 1550 adilrat
632 1489 744 1561 Cicero,
753 1501 921 1570 opportuna,
930 1492 994 1568 qua
1006 1489 1102 1551 suncini

118 1570 240 1632 oratoris
259 1583 351 1631 artem
372 1568 536 1637 ostenderet,
555 1568 651 1631 oblata
670 1570 698 1629 ei
718 1580 760 1629 est
780 1570 892 1629 occasio
907 1570 1018 1630 Verris
1032 1591 1102 1629 acen·

118 1650 235 1709 satione.
278 1652 377 1711 Homo
391 1648 451 1716 iste,
465 1647 515 1724 qui
528 1648 657 1725 primum
673 1651 824 1719 Quaestor,
844 1660 907 1708 tum
923 1651 1050 1717 Praetor
1061 1669 1103 1728 per

117 1739 175 1790 tres
189 1727 324 1808 deinceps
337 1746 429 1787 annos
442 1726 474 1785 in
496 1725 598 1786 Sicilia
619 1728 717 1799 fuerat
737 1739 814 1786 tanta
835 1727 958 1787 avaritia
978 1740 1008 1788 et
1022 1728 1104 1807 impu·

118 1806 215 1868 dentia
227 1824 287 1867 non
300 1806 411 1885 privata
423 1817 541 1875 tantum,
555 1806 606 1865 sed
620 1806 706 1867 etiarn
719 1807 834 1884 publica
847 1807 929 1876 bona,
944 1806 1104 1899 diripuerat

118 1899 151 1946 ut
163 1886 264 1957 Siculi,
276 1885 407 1946 inaudita
418 1884 597 1963 impudentis
609 1886 647 1945 ab
660 1885 713 1947 isto
727 1884 838 1963 spoliati
853 1896 881 1945 et
894 1884 1028 1964 expilati,
1038 1887 1106 1947 dien

118 1965 147 2027 ei
168 1968 282 2041 Rom
301 1966 397 2027 dicere
416 1964 626 2025 constituerent.
669 1967 739 2028 Quo
760 1964 853 2041 magis
873 1975 977 2025 autem
991 1964 1039 2025 illi
1053 1966 1106 2043 jan
1128 1966 1129 2010 l

118 2044 251 2105 olimnon
258 2044 354 2104 solum
362 2063 510 2103 summum
520 2043 671 2103 Ciceronis
680 2042 947 2103 incausisdioendis
957 2044 1107 2121 ingenium
1127 2076 1128 2114 r

117 2133 146 2183 et
158 2125 358 2202 eloquentiam,
377 2122 430 2182 sed
449 2122 536 2182 etiam
555 2123 702 2199 insignem
723 2123 786 2199 ejus
800 2122 890 2182 animi
906 2122 1105 2201 integritatem,

118 2200 324 2263 humanitatem
338 2214 365 2262 et
376 2201 605 2263 benevolentiam
618 2213 828 2280 perspexerant,
849 2202 1100 2271 eovehernentius
1126 2194 1127 2218 ¹

117 2298 197 2341 nunc
210 2302 278 2341 eum
291 2281 437 2358 rogabant,
459 2290 490 2339 ut
509 2280 721 2339 accusationem
734 2292 832 2339 contra
846 2280 975 2339 Verrem
990 2279 1107 2359 ¹suscipe
1125 2287 1126 2320 l

118 2371 167 2418 ret.
211 2363 275 2419 Nec
290 2360 378 2419 deluit
391 2360 442 2420 ille
455 2380 556 2419 eorum
569 2360 710 2439 precibus
754 2360 817 2419 lino
830 2360 998 2429 nefandam,
1012 2361 1106 2439 quain
1124 2378 1125 2424 l

117 2435 285 2498 Siculorum
312 2437 389 2498 bona
401 2489 404 2497 .
418 2450 564 2516 grassatus
593 2438 685 2497 luerat
714 2436 837 2509 Verres,¹
859 2438 1019 2499 auaritiam
1041 2451 1106 2500 tants
1123 2500 1124 2507 ,

118 2514 254 2576 orationis
269 2517 407 2595 gravitate
426 2528 454 2577 et
466 2518 557 2587 animi
578 2514 707 2577 libertate
729 2514 880 2593 injudicio
900 2511 1124 2595 perstrinxitet'

117 2607 184 2656 ante
197 2596 328 2657 omnium
342 2595 441 2656 oculos
454 2598 556 2675 posuit
576 2606 608 2655 ut
622 2596 681 2665 iste,
701 2607 940 2674 argumentorum
955 2596 988 2656 vi
1003 2598 1104 2657 convic-
1122 2602 1123 2630 ¹

117 2686 172 2815 αξ,
186 2688 286 2755 sponte
299 2676 329 2736 iu
344 2676 474 2745 exilium,
497 2675 546 2735 ubi
568 2675 712 2753 reliquam
734 2675 809 2735 vitae
829 2684 942 2755 partem
964 2676 1122 2755 transegitt

116 2774 137 2815 a
155 2754 215 2816 iret.
849 2828 852 2835 ,
1120 2782 1121 2836 p

337 2907 340 2912 >
391 2952 433 3009 13.
458 2949 562 3008 Cicero
575 2947 692 3008 Aedilis
704 2947 840 3007 Praetor.

160 3106 273 3174 Cicero,
283 3104 457 3181 aedilitatem
469 3106 629 3183 ingressus,
641 3104 802 3167 solemnem
816 3103 901 3165 illrum
915 3124 1046 3177 moran,
1061 3122 1108 3184 qus

118 3202 248 3255 munera,
262 3186 323 3245 sire
337 3184 421 3245 ludos
433 3186 541 3263 populo
554 3186 639 3245 edere
652 3184 782 3245 solebant
793 3183 861 3243 nori
876 3184 1012 3256 Aediles,
1040 3187 1078 3245 ha

118 3264 246 3343 neglexit
264 3263 390 3341 quidem,
411 3264 463 3323 sed
482 3266 514 3325 in
532 3284 635 3328 eorum
654 3264 797 3325 sumtibus
811 3262 950 3324 faciendis
966 3265 1084 3343 sapient

117 3345 238 3405 modum
258 3345 355 3412 tenuit,
377 3344 570 3404 honestiorem
589 3344 809 3421 rationemque
827 3341 928 3421 populi
943 3345 1078 3421 mium

117 3443 249 3483 amorem
261 3422 317 3482 sibi
330 3422 504 3492 conciliaret,
518 3434 641 3484 secutus.
686 3424 773 3490 Nam,
793 3441 885 3499 quum
905 3421 1045 3500 populus
1058 3435 1068 3481 t

118 3512 308 3579 premeretur·
328 3517 460 3561 annonae
478 3503 602 3571 caritate.
633 3500 866 3579 splendidissima
885 3520 902 3559 a
924 3500 1045 3564 Siculis
1065 3500 1087 3559 si

119 3578 215 3636 oblata
227 3596 352 3640 munera
361 3579 542 3655 impendebat
562 3600 604 3648 eo,
625 3592 657 3638 ut
670 3580 772 3642 viliore
788 3596 904 3639 annona
925 3580 1079 3658 veniretp

119 3652 167 3711 tio.
203 3656 272 3717 Quo
281 3655 399 3731 quidem
411 3656 530 3716 honesto
544 3656 714 3733 liberalique
727 3658 821 3719 studio
835 3657 934 3735 populi
949 3658 986 3719 in
1000 3661 1062 3721 eie

120 3745 189 3787 nem
201 3731 281 3801 muer
294 3732 366 3792 adeo
385 3744 487 3792 auctus
500 3746 549 3807 est,
571 3746 609 3803 ut,
631 3754 722 3815 quum
743 3746 805 3815 post
825 3735 1010 3801 caetitatem
1036 3740 1064 3803 P
