2300 4059
211 108 443 153 nannarronas
458 112 614 158 onerosa
629 110 722 153 rrnrr
737 77 884 153 ornaris.
985 92 1039 155 tot

75 246 132 309 lieri
142 249 230 327 potuit,
239 268 328 326 quam
338 248 506 320 Hannibali,
517 248 568 327 qui
581 260 620 309 tot
634 253 724 310 annos
733 250 769 309 de
782 250 903 327 imperio
913 268 981 309 cum
993 268 1042 327 po·
1132 246 1133 309 l

73 326 136 465 pulo
153 330 281 387 Romano
301 328 433 387 omnium
453 330 584 406 gentium
603 330 710 389 victore
730 338 870 399 certasset,
894 327 1044 389 Graecum

94 406 214 477 ominem,
228 406 278 483 qui
298 426 461 485 numquam
480 408 600 476 hostem,
621 426 781 485 numquam
801 418 894 467 castra
915 406 1041 477 vidisset,
1132 416 1133 449 ἒ

71 504 218 562 numquam
237 485 361 563 denique
380 486 532 545 minimam
551 497 661 565 partem
682 486 769 547 ullius
789 484 899 565 publici
911 485 1043 546 muueris
1132 488 1133 533 l

71 564 205 642 attigisset,
216 575 367 643 praecepta
380 564 416 624 dc
428 583 461 625 re
473 565 592 625 militari
606 566 694 627 darei
736 566 797 649 (De
812 566 889 626 Orat
906 566 945 627 II.
965 565 1022 643 18.)

94 765 98 772 ,
166 690 236 783 XII
261 723 329 783 otti
342 730 369 782 et
379 723 506 800 potionis
520 723 805 802 condimentofaotes
819 724 930 785 atritis.
1050 739 1058 792 t

76 947 78 951 ,
107 878 177 942 Quis
189 899 248 938 non
260 880 345 949 videt,
358 880 509 941 desideriis
529 880 641 941 condiri
655 880 773 961 epulasl
797 881 907 941 Darius
920 881 952 941 in
964 881 1042 959 firgo,

68 974 153 1034 quum
171 978 275 1035 aquam
294 960 446 1030 tumidam,
467 971 493 1018 et
514 960 701 1025 cadaueribus
716 960 901 1037 inquinatam,
915 961 1041 1033 bibisset,

65 1037 174 1112 negavit
186 1058 324 1115 umquam
344 1058 376 1097 se
394 1038 501 1097 bibisse
516 1038 683 1115 jucundius.
727 1041 898 1117 Numquam
912 1038 1045 1099 videlicet

65 1114 158 1173 sitiens
170 1116 284 1176 biberat,
329 1118 394 1176 Nec
408 1118 540 1175 esuriens
555 1117 738 1177 Ptolemaeus
758 1118 868 1177 ederat:
890 1118 939 1177 cui
952 1136 1043 1197 quum

64 1195 222 1271 peragranti
242 1198 418 1273 Aegyptum,
433 1196 584 1255 comitibus
604 1216 663 1254 non
683 1196 851 1267 consecutis,
873 1196 1043 1265 cibariusin
1132 1240 1133 1243 ,

63 1291 129 1331 casa
146 1274 226 1350 panis
247 1274 329 1332 datus
350 1285 430 1343 esset,
443 1274 518 1333 nibil
538 1275 635 1333 visum
649 1286 694 1335 est
711 1274 762 1334 illo
783 1294 858 1353 pane
874 1274 1041 1351 jucundius.

61 1353 202 1411 Socratem
214 1354 314 1421 ferunt,
337 1373 428 1430 quum
441 1353 584 1429 usquead
600 1372 751 1430 vesperum
771 1355 930 1413 contentius
944 1352 1042 1413 ambu-

62 1428 138 1499 laret,
152 1432 368 1510 quaesitumque
388 1442 461 1490 esset
474 1452 511 1491 ex
524 1452 565 1501 eo,
587 1451 677 1509 quare
690 1432 721 1491 id
741 1432 859 1509 faceret3
881 1433 1042 1509 respondis·

59 1527 100 1579 se,
120 1529 156 1577 se,
178 1529 234 1587 quo
254 1511 360 1569 melius
386 1521 525 1578 coenaret,
556 1530 697 1588 opsonare
726 1510 899 1571 ambulando
926 1512 1040 1572 famem.

62 1588 161 1650 Quint
182 1589 289 1647 victum
299 1589 595 1648 Lacedaemoniorum
605 1589 877 1666 inphiditiisnonne
890 1590 1041 1651 videmus?

58 1666 109 1725 ubi
122 1671 227 1743 quumt
249 1687 357 1726 rannus
370 1668 550 1728 coenavisset
557 1668 726 1747 Dionysius,
741 1670 857 1745 negavit
871 1688 902 1727 se
912 1670 978 1745 jure
988 1666 1040 1730 iilo

55 1746 150 1821 nigro,
164 1690 361 1823 quoicoenae
374 1757 459 1824 caput
472 1758 539 1816 erat,
560 1746 738 1806 delectatum.
783 1749 863 1807 Tum
876 1748 909 1815 is,
924 1748 974 1825 qui
986 1746 1042 1807 illa

54 1836 184 1885 coxerat:
206 1826 327 1886 minime
347 1825 469 1884 mirum:
493 1825 675 1884 condimenta
694 1826 774 1885 enim
794 1826 916 1884 defuere.
954 1828 1041 1889 Quae

53 1902 189 1962 tandeml
210 1903 302 1982 inquit
315 1902 373 1963 ille.
418 1905 513 1963 Labor
526 1904 556 1962 in
571 1916 683 1975 venatu,
705 1904 799 1973 sudor,
813 1923 917 1963 cursus
930 1904 967 1963 ad
980 1906 1041 1964 Eu·

52 1992 153 2049 rotam,
167 1983 264 2051 fames,
287 1984 355 2042 sitis.
399 1982 457 2042 His
471 1983 548 2041 enim
562 1984 648 2043 rebus
663 1982 960 2045 Lacedaemoniorum
973 2002 1041 2063 epu

50 2059 102 2120 lae
115 2062 293 2123 condiuntur.
336 2065 409 2144 (Qu.
425 2063 513 2123 Tuse.
530 2064 566 2123 V.
582 2063 642 2140 34.)
1036 2088 1038 2097 ¹

235 2222 323 2282 XIII.
346 2223 509 2299 Splendida
522 2231 711 2299 tyrannorum
725 2224 851 2317 miseria.

92 2378 257 2459 Dionysius
278 2381 377 2455 major,
398 2379 516 2439 Siciliae
535 2391 683 2471 tyrannus,
705 2380 766 2458 ipse
787 2379 930 2450 indicavit,
945 2392 1039 2458 quam

41 2468 126 2518 esset
146 2459 253 2517 beatus.
297 2460 376 2517 Nam
396 2478 486 2536 quum
505 2458 623 2536 quidam
652 2460 691 2517 ex'
716 2458 778 2535 ejus
807 2460 1038 2529 assentatoribus,

44 2536 218 2606 Damocles,
240 2549 483 2607 commemoraret,
505 2540 536 2598 in
549 2558 683 2599 sermone
695 2538 793 2615 copias
806 2538 875 2613 ejus,
890 2557 966 2615 opes,
981 2556 1039 2597 ma·

34 2617 180 2695 jestatem
194 2616 363 2687 dominatus,
377 2637 476 2676 rerum
485 2617 696 2685 abundantiam,
711 2616 955 2693 magnificentiam
964 2617 1039 2675 aedi·

38 2714 99 2753 um
114 2696 274 2771 regiarum,
295 2707 478 2772 negaretque,
499 2704 629 2774 unquam
641 2695 796 2755 beatiorem
808 2714 983 2772 quemquam
996 2694 1039 2754 fu·

34 2774 123 2831 isse:
146 2774 230 2832 visne
243 2774 340 2850 igitur,
364 2774 463 2851 inquit,
485 2773 633 2842 Damocle,
647 2774 783 2851 quoniam
798 2773 869 2832 haec
882 2783 910 2833 te
922 2774 980 2832 vita
994 2772 1039 2833 de·

34 2852 140 2922 iactat,
164 2852 228 2931 ipse
248 2852 370 2912 eandem
390 2853 549 2931 degustare,
572 2864 599 2913 et
618 2853 761 2912 fortunam
783 2852 908 2931 experiri
920 2853 1037 2912 meam?

34 2934 156 2995 Quum
170 2930 267 2991 seille
280 2952 386 3009 cupere
399 2932 522 3002 dixisset,
537 2930 673 2992 collocari
683 2932 769 3007 jussit
782 2931 931 2990 hominem
945 2932 976 2989 in
989 2950 1038 2991 au·

32 3030 92 3070 reo
117 3007 204 3078 lecto,
218 3021 304 3069 strato
317 3009 513 3089 pulcherrime
531 3010 622 3069 textili
643 3010 778 3087 stragulo,
796 3010 960 3087 magnificis
973 3028 1038 3088 ope·

30 3090 127 3148 ribus
150 3087 236 3166 picto,
257 3090 418 3167 abacosque
437 3087 602 3168 complures
631 3089 742 3147 ornavit
771 3100 889 3167 argento
910 3108 1038 3166 auroque

28 3167 167 3228 caelato,
212 3169 292 3227 Tum
305 3169 485 3229 admoneam
498 3168 605 3228 eximia
621 3168 714 3227 forma
726 3186 830 3245 pueros
845 3167 968 3227 delectos
978 3168 1038 3244 jus-

25 3248 74 3305 sit
88 3248 264 3318 consistere,
286 3267 392 3325 eosque
405 3259 508 3307 nutum
520 3246 602 3306 illius
619 3246 760 3307 intuentes
774 3246 927 3324 diligenter
940 3245 1040 3305 minis

25 3336 128 3385 trare.
187 3325 317 3385 Aderant
336 3337 492 3403 unguenta,
513 3344 651 3387 coronae:
682 3324 906 3385 incendebantur
926 3324 1036 3394 odores,

23 3421 170 3465 mensae
190 3406 442 3484 conquisitissimis
461 3404 556 3483 epulis
585 3406 808 3464 exstruebantur.
859 3406 1037 3463 Fortunatus

22 3485 92 3543 sibi
113 3482 282 3550 Damocles
292 3484 446 3543 videbatur.
491 3486 526 3544 In
544 3484 713 3559 hocmedio
726 3493 862 3563 apparatu
877 3482 1037 3560 fulgentem

22 3562 193 3641 gladium,
216 3582 233 3621 e
246 3560 376 3626 lacunari
397 3573 457 3622 seta
469 3564 575 3640 equina
589 3573 694 3640 aptum,
710 3562 816 3621 demitti
827 3562 919 3638 jussit,
934 3572 965 3619 ut
985 3560 1037 3621 im·

19 3641 188 3721 penderet
208 3640 289 3701 illius
308 3642 383 3702 beati
402 3641 572 3702 cervicibus.¹
621 3642 720 3719 ltaque
739 3660 792 3700 neo
812 3639 954 3723 pulchros¹
970 3637 1036 3698 illos

19 3721 259 3783 ministratores
279 3719 459 3862 aldspiciebat,
488 3740 542 3781 nec
562 3718 683 3800 plenum
701 3718 770 3781 artis
791 3728 960 3799 argentum:
981 3729 1036 3781 uae
