2300 4059
209 129 438 178 recreatores
453 126 610 176 cosroen
626 126 718 167 rsnrr
733 125 879 167 onustus.
986 108 1040 166 rot
1138 120 1139 171 j

63 288 157 329 eorum
169 267 232 329 loco
237 268 363 346 quisque
376 266 528 338 cubuisset,
539 266 747 326 demonstrator
757 258 986 341 uniuscujusque
1000 282 1041 323 se·
1138 266 1139 345 J

61 347 181 428 peliendi
200 348 295 407 fuisse.
339 348 407 407 Hac
426 357 489 405 tum
509 365 541 405 re
553 344 717 405 admonitus
731 344 875 403 invenisse
888 344 984 412 fertur,
998 361 1042 401 or·
1138 346 1139 349 ’

62 428 153 487 dinem
165 446 229 486 esse
241 426 374 497 maxime,
385 426 436 504 qui
449 425 610 488 memoriae
618 422 718 483 lumen
731 423 851 483 afferret.
886 423 948 507 (De
963 423 1040 481 Orat.
1080 460 1083 467 ι

64 507 186 585 riso.)

390 716 477 780 XIX
501 715 593 777 Delus
606 718 719 799 insola,

15 894 16 897 ’
101 874 270 952 (Memoriae
283 895 317 933 ae
331 872 421 934 literis
433 873 579 953 proditum
590 875 655 953 'est,)
671 876 812 933 Latonam
825 892 861 931 ex
871 872 959 947 longo
968 890 1043 931 erro-

58 975 97 1025 re,
112 965 137 1015 et
149 955 224 1032 fuga,
239 953 397 1032 gravidam,
411 964 438 1012 et
448 954 509 1029 jam
523 954 560 1012 ad
573 953 746 1031 pariendum
759 951 892 1019 vicinam,
911 952 1043 1028 tempori·

57 1036 112 1094 bus
126 1034 237 1105 exactis,
251 1033 418 1109 confugisse
433 1032 549 1101 Delum,
570 1045 655 1110 atque
669 1033 707 1091 ibi
723 1030 892 1109 Apollinem
908 1030 1042 1088 Dianam-

56 1133 115 1191 que
127 1114 276 1191 peperisse.
321 1114 388 1175 Qua
402 1132 438 1169 ex
450 1111 587 1189 opinione
600 1112 754 1170 hominum
767 1110 818 1168 illa
832 1107 928 1167 insula
942 1128 1044 1168 eorum

56 1193 175 1251 deorum
195 1212 278 1251 sacra
298 1201 426 1269 putatur:
448 1202 583 1269 tantaque
603 1192 665 1268 ejus
686 1191 837 1255 auctoritas
852 1188 1002 1265 religionis
1017 1198 1044 1246 et

56 1283 106 1343 est,
128 1282 153 1330 et
172 1290 285 1348 semper
305 1270 366 1340 fuit,
387 1280 419 1327 ut
439 1290 476 1329 ne
491 1272 600 1329 Persae
621 1270 745 1347 quidem,
767 1288 857 1346 quum
870 1267 979 1327 bellum
994 1267 1043 1326 toti

57 1351 207 1419 Graeciae,
229 1350 284 1409 diis
305 1349 537 1427 hominibusque,
567 1348 743 1419 indixissent,
773 1359 799 1407 et
819 1348 900 1406 mille
921 1366 1043 1405 numero

54 1430 175 1490 navium
187 1428 311 1489 classem
324 1428 361 1488 ad
377 1426 487 1487 Delum
499 1427 685 1506 appulissent,
695 1427 853 1505 quidquam
863 1436 1042 1495 conarentur,

53 1519 105 1568 aut
118 1508 233 1577 violare,
247 1520 296 1568 aut
309 1508 456 1585 attingere.
500 1509 550 1590 (In
564 1509 649 1567 Verr.
666 1510 729 1567 Act.
746 1508 786 1566 ΙΙ.
804 1508 825 1566 1.
846 1508 902 1586 18.)

298 1728 368 1789 XX
391 1727 569 1790 Lautumias
579 1712 791 1805 Syracusanae.

96 1886 267 1947 lautumias
286 1887 486 1966 Syracusanas
506 1904 607 1945 omnes
628 1884 761 1945 audistis:
792 1884 923 1963 plerique
942 1886 1040 1945 nostis.

52 1968 139 2045 Opus
149 1977 191 2026 est
200 1966 311 2043 ingens,
319 1966 519 2042 magnificum,
529 1976 890 2045 regumactyrannorum.
935 1966 1043 2023 Totum

50 2056 97 2105 est
110 2064 147 2105 ex
159 2064 237 2114 saxo,
251 2046 283 2103 in
295 2044 459 2103 mirandam
468 2044 648 2104 altitudinem
670 2044 812 2124 depresso,
837 2054 863 2102 et
884 2042 1043 2103 multorum

49 2124 152 2202 operis
159 2125 273 2202 penitus
287 2123 391 2183 exciso.
435 2123 521 2182 Nihil
529 2135 588 2183 tam
602 2123 780 2185 clausumad
791 2124 890 2191 eritne,
899 2121 975 2180 nihil
984 2134 1043 2181 tarn

48 2213 169 2281 septum
181 2204 316 2281 undique,
338 2202 414 2261 nihil
426 2213 486 2261 tam
498 2212 592 2261 tutum
605 2202 641 2262 ad
655 2203 806 2272 custodiae,
830 2222 883 2261 nec
897 2202 967 2271 fieri,
988 2220 1042 2260 nec

14 2314 18 2317 ·
47 2283 176 2359 cogitari
190 2293 286 2360 potest.
330 2282 366 2340 In
379 2282 433 2339 has
446 2281 609 2351 lautumias,
631 2283 656 2341 si
671 2282 720 2359 qui
734 2280 849 2359 publice
864 2280 1042 2339 custodiendi

47 2373 128 2429 sunt,
152 2362 238 2420 etiam
254 2381 294 2421 ex
314 2360 434 2419 caeteris
457 2360 570 2439 oppidis
591 2360 708 2422 Siciliae
730 2360 834 2420 deduci
857 2361 1040 2440 imperantur.

48 2442 105 2522 (In
122 2440 207 2501 Verr.
223 2442 286 2501 Act
303 2442 343 2499 ΙΙ,
360 2439 396 2499 V.
411 2440 472 2518 27.)

68 2642 163 2705 XXI.
185 2642 384 2711 Mithridates,
400 2662 434 2701 aa
446 2641 544 2700 Ponto
554 2642 735 2779 profugiens,
752 2663 814 2702 com
827 2642 935 2701 Medea
953 2662 1022 2701 com·

482 2740 613 2797 porcus.
828 2748 830 2753 ·

89 2880 144 2938 Ex
157 2897 211 2937 suo
225 2895 316 2953 regno
330 2876 372 2935 sic
383 2876 564 2937 Mithridates
579 2878 711 2955 profugit,
734 2888 765 2937 ut
788 2899 823 2939 ex
834 2878 935 2938 eodem
949 2880 1041 2939 Ponto

42 2958 163 3019 Medea
182 2956 234 3015 illa
254 2956 398 3033 quondam
418 2955 580 3033 profugisse
594 2956 711 3015 dicitur:
734 2976 821 3035 quam
834 2958 997 3037 praedicant
1011 2959 1042 3018 in

40 3038 124 3113 fuga
137 3036 234 3094 fratris
248 3036 294 3093 sui
306 3036 437 3094 membra
449 3036 481 3093 in
493 3036 530 3094 iis
541 3035 620 3103 locis,
630 3054 688 3113 qua
701 3056 733 3095 se
746 3057 850 3115 parens
860 3057 1042 3115 persequere-

40 3128 104 3185 tur,
129 3114 324 3192 dissipavissc,
344 3125 376 3172 ut
396 3134 498 3173 eorum
517 3114 646 3174 collectio
662 3116 797 3194 dispersa,
811 3137 982 3194 moerorque
995 3136 1042 3194 pa·

39 3195 133 3263 trius,
159 3193 334 3254 celeritatem
362 3194 552 3271 persequendi
581 3195 741 3255 retardaret.
766 3196 832 3255 xSic
861 3194 1042 3255 Mithridates

38 3274 172 3350 fugiens
185 3274 342 3331 maximam
351 3273 412 3331 vim
424 3273 489 3331 auri
502 3283 586 3350 atque
595 3274 715 3351 argenti,
724 3272 1043 3352 pulcherrimarumque

39 3373 154 3420 rerum
170 3353 309 3420 omnium,
323 3368 394 3429 quas
408 3363 465 3410 eta
486 3353 643 3429 majoribus
665 3365 820 3430 acceperat,
843 3364 869 3411 et
891 3354 952 3432 ipse
965 3353 1042 3413 bello

38 3431 207 3509 superiore
220 3452 257 3491 ex
269 3442 326 3489 tota
339 3431 414 3490 Asia
428 3430 552 3509 direptas
569 3432 601 3491 in
615 3452 702 3491 snum
715 3452 839 3509 regnum
852 3442 1041 3509 congesserat,

37 3512 76 3570 in
93 3512 196 3570 Ponto
209 3530 325 3569 omnem
338 3508 459 3587 reliquit.
501 3512 586 3571 Haec
600 3512 670 3569 dum
683 3512 773 3571 nostri
786 3511 927 3589 colligunt
945 3512 1044 3571 omnia

38 3588 233 3667 diligentius,
248 3609 300 3648 rex
319 3589 382 3667 ipse
402 3611 419 3649 e
438 3589 572 3650 manibus
593 3590 700 3667 elingit.
744 3592 787 3650 Ita
807 3590 892 3649 illum
906 3590 936 3649 in
950 3610 1044 3669 porse·

36 3668 165 3815 ffirqi
176 3668 279 3828 9stpdio
299 3687 423 3741 moeror,
448 3668 502 3729 hos
527 3668 640 3739 laetitia,
670 3670 828 3731 retardavit.
870 3671 945 3753 (Pro
970 3671 1041 3750 Leg.

127 3768 160 3808 1.
198 3794 203 3808 .
