2300 4059
104 372 157 437 vr.
190 372 244 437 or
263 371 353 435 rna
373 326 650 437 canoniani
666 373 763 437 nnn
779 375 871 440 rna
889 376 1085 441 rannone

424 476 478 535 oo
496 475 759 540 rnrroorrr.

144 782 175 889 l.¹
189 810 354 890 Univeraua
371 840 513 889 terrarum
531 829 610 889 orbia
628 830 659 889 in
676 840 734 889 tree
754 842 848 909 partae
864 827 1009 902 dividitur,
1023 831 1086 893 Eu·

102 926 208 985 ropam,
223 910 335 977 Asiam,
350 908 486 969 Africarn
528 909 650 986 Europa
670 910 706 968 ab
720 909 822 969 Africa
836 910 1001 987 sejungitur
1013 912 1086 971 [reto

4 1014 5 1023 ¹
102 986 263 1058 Gaditano,¹
286 989 317 1047 in
345 988 428 1064 cujus
456 994 581 1065 utraque
607 997 687 1065 parte
712 999 824 1048 montea
849 988 1084 1059 aunt-altissimi,

101 1066 199 1137 Abyla
213 1068 243 1127 in
257 1066 364 1135 Africa,
378 1068 409 1126 in
429 1068 550 1144 Europa
567 1065 623 1125 Cal
680 1069 732 1144 qui
750 1070 871 1126 montea'¹
884 1065 1026 1132 Herculia
1038 1089 1086 1131 co·

101 1144 218 1204 lamnae⁸
230 1144 416 1222 appellantur.
459 1146 609 1205 Paridem
744 1165 826 1205 mare
837 1146 993 1215 intemmn,
1006 1146 1085 1225 qnod

101 1222 242 1361 lgtoribua
256 1226 400 1303 Europae,
414 1224 506 1283 Atiae
519 1235 545 1283 et
559 1224 677 1283 Africae
692 1223 857 1293 includitur,
867 1224 1002 1303 jungitur
1015 1246 1085 1286 cum

129 1322 225 1363 ceano.

140 1387 165 1439 2.
189 1352 311 1459 Europa
332 1383 470 1441 terminos
491 1380 576 1441 habet
598 1380 765 1440 oboriente
789 1380 928 1441 Tanaim⁴
950 1382 1084 1454 fluvium,

102 1460 229 1519 Pontum
249 1461 411 1522 Euxinum⁵
424 1472 451 1519 et
470 1459 607 1539 paludem
627 1460 774 1519 Maeotida
781 1462 800 1537 5⁸
819 1480 837 1518 a
856 1459 984 1531 meridie,
1001 1480 1086 1521 mara

100 1538 259 1599 internum:
281 1540 316 1599 ab
333 1539 484 1609 occidente,
502 1558 584 1597 mare
599 1538 778 1598 Atlanticum
798 1539 860 1599 aire
878 1540 1045 1618 Oceanum
1066 1562 1087 1601 a

100 1617 295 1695 septentrione,
310 1637 390 1677 mare
403 1618 624 1677 Britarrnieuna'
663 1619 748 1677 Mare
766 1617 912 1677 internum
927 1628 986 1692 trea
1003 1637 1085 1679 max·

100 1696 173 1755 irnoa
187 1697 268 1756 sinus
281 1696 372 1755 habet.
416 1700 553 1759 Quorum
565 1697 600 1764 ie,
608 1697 659 1773 qui
673 1698 779 1777 naim
790 1717 808 1755 a
818 1696 943 1756 Graecia
955 1696 1085 1777 sejungit

100 1778 263 1853 Aegaeum⁸
277 1794 357 1834 mare
375 1787 506 1835 vocatur:
528 1775 679 1843 secundus,
698 1775 748 1853 qui
769 1785 811 1833 eat
829 1773 904 1834 inter
925 1776 1084 1837 Graeciam

99 1866 127 1913 et
149 1854 268 1926 Italiam,
285 1856 414 1931 Ionium;
435 1855 534 1915 tertius
555 1854 686 1931 denique,
699 1856 750 1929 qni
769 1851 959 1913 occidentales
980 1854 1082 1915 Italiae

100 1952 165 2005 praa
179 1932 267 2003 alluit,
281 1955 299 1993 a
312 1934 454 1993 Romania
468 1935 606 2000 Tuscum.
620 1953 638 1991 a
651 1933 775 1992 Graecia
789 1932 989 2012 Tyrrhenum·
1001 1952 1084 1995 mare

99 2034 117 2072 a
173 2014 264 2074 llatur.
327 2062 331 2071 .

117 2034 223 2155 1ηὲῗΞΙη
245 2092 438 2170 ea·Europae
458 2100 543 2169 parte,
561 2109 636 2168 quaa
654 2088 692 2149 ad
712 2108 847 2149 occanum
865 2089 965 2167 vergit,
984 2093 1082 2168 prima

99 2182 241 2231 terrarum
254 2182 295 2230 est
310 2172 460 2249 Hispania,
475 2188 549 2247 quae
561 2190 580 2227 a
598 2170 689 2228 tribue
709 2168 846 2228 lateribna
864 2170 939 2229 mari
958 2170 1083 2231 circuni·

100 2250 173 2320 data,
194 2270 255 2328 perv
268 2252 433 2328 Pyrenaeos
454 2257 565 2307 montes
586 2266 654 2307 oum
676 2247 775 2308 Gallia
795 2247 933 2307 cohaeret.
976 2250 1082 2312 Quum

99 2330 234 2389 univerae
249 2328 392 2405 Hispania
405 2328 484 2385 dives
498 2328 534 2399 ait
549 2337 575 2385 et
589 2326 716 2394 fecunda,
731 2346 766 2385 ea
784 2337 880 2385 tamen
900 2324 990 2405 regio,
1005 2346 1082 2404 quae

99 2428 117 2465 a
144 2406 263 2467 flumine
289 2407 392 2467 Baeti¹⁰
413 2405 533 2467 Baetica
554 2417 679 2472 vocatur,
702 2416 811 2464 ceteras
837 2404 1082 2465 fertilitamnte·

84 2486 181 2567 uellit.
225 2486 268 2545 lbi
291 2486 388 2544 Gades
408 2487 485 2554 sitae,
500 2484 597 2543 insula
614 2504 681 2542 oum
700 2484 773 2543 urbe
789 2504 808 2542 a
822 2484 923 2562 Tyriis
937 2483 1081 2553 condita,¹¹

118 2586 172 2624 nae
185 2565 254 2625 freto
267 2563 409 2624 Gaditano
422 2584 527 2624 nornen
537 2562 620 2623 dedit.
657 2564 732 2622 Tota
744 2563 796 2623 illa
808 2562 889 2639 regio
899 2562 977 2632 viria,
988 2565 1080 2640 equis.

99 2584 180 2713 leno,
199 2644 324 2723 plumbo,
341 2662 414 2713 aere,
432 2654 558 2721 argento,
576 2660 705 2719 auroque
724 2641 856 2710 abundat,
874 2652 901 2701 et
920 2640 971 2700 ubi
991 2662 1082 2720 penu·

53 2790 58 2800 ,
100 2729 134 2781 ra
146 2742 288 2801 aquarum
300 2724 396 2782 minue
411 2734 452 2782 eat
464 2721 571 2791 fertilia,
587 2721 682 2781 linum
693 2732 787 2781 tamen
800 2730 850 2779 ant
869 2731 999 2797 apertum
1019 2722 1080 2783 alit.

100 2802 258 2861 Memoris
271 2800 566 2881 quoquelapioidtnae
580 2800 672 2859 habet.
716 2802 751 2858 ln
763 2799 882 2859 Baetica
897 2799 1024 2859 minium
1037 2820 1081 2859 re·
1148 2875 1149 2884 ἵ

135 2883 212 2940 ritun
251 2938 253 2945 ,
319 2944 322 2951 .
840 2886 843 2889 ’

98 2902 164 3020 ΡΘ4.
189 2960 287 3020 Gallia
307 2960 397 3037 posita
417 2971 457 3017 est
477 2962 550 3019 inter
572 2956 738 3037 Pyrenaeos
758 2968 868 3018 montes
881 2966 908 3015 et
921 2956 1080 3034 Rhennm3
1148 2963 1149 2966 ’

99 3038 267 3099 orientalem
290 3056 371 3096 oram
394 3038 525 3096 Tuscum
546 3056 628 3095 mare
649 3037 739 3105 alluit,
761 3034 966 3096 occidentalem
989 3037 1082 3096 Ocea·

99 3136 161 3177 nus.
201 3116 277 3194 Ejus
298 3136 364 3195 paro
385 3115 442 3186 illa,
457 3134 531 3191 quae
545 3114 645 3173 Italiae
662 3125 704 3173 eat
724 3115 852 3192 opposita
867 3125 894 3172 et
908 3114 1081 3174 Narbonen-

99 3199 167 3265 sia¹²
177 3208 300 3265 vocatur,
315 3195 444 3255 omnium
458 3204 500 3252 est
513 3193 674 3252 laetissima.
717 3194 753 3251 In
766 3213 800 3251 ea
814 3212 864 3253 ora
877 3192 931 3251 sita
943 3204 985 3251 eat
1000 3194 1082 3253 Mae·
1147 3199 1148 3204 ’

100 3274 183 3335 silia¹³
196 3276 264 3353 urbs
286 3296 303 3332 a
325 3272 466 3334 Phocaeis
486 3270 606 3340 condita,
620 3272 679 3348 qui,
692 3272 786 3349 patria
805 3291 823 3330 a
844 3272 942 3330 Peraia
956 3271 1080 3341 devicta,

100 3374 190 3493 {uum
210 3354 377 3413 servitutem
397 3353 471 3411 serre
491 3370 550 3409 non
569 3360 689 3441 poeaent,
711 3348 788 3409 Asia
807 3349 913 3418 relicta
934 3369 1026 3409 novae
1049 3350 1082 3410 in

102 3426 1085 3585 ott{littitillanti,llll&tlltlttltiffl
1146 3539 1147 3572 r

100 3589 155 3647 tela
169 3588 340 3656 defecissent,
350 3588 460 3663 Jupiter
471 3586 563 3645 filiurn
577 3585 668 3644 imbre
681 3584 809 3662 lapidum
818 3585 933 3660 adjuvit.
967 3586 1086 3646 Credas
1145 3579 1147 3654 ,¹

100 3666 243 3744 pluisse3¹⁶
260 3666 331 3725 adeo
343 3664 427 3725 multi
440 3665 548 3743 passim
558 3664 660 3739 jacent.
954 3688 958 3702 ·-
1145 3663 1146 3678 ¹
