2300 4059
8 70 13 243 Ρ
219 16 226 29 ¹
440 58 495 125 iv.
516 79 715 125 eisscoms
817 135 821 142 ¹
1030 68 1074 129 88

89 230 197 283 sunum
215 234 279 280 esse
292 213 436 291 creditur)
448 221 526 299 quod
546 219 784 300 quaestionem¹s
802 220 993 301 phesuribus
1012 222 1072 303 ipsi

89 301 257 382 propositam
269 300 381 360 solvere
393 320 453 361 non
465 313 567 379 posset.

125 386 167 440 22.
189 380 362 449 Simonides,
384 390 469 459 poeto
495 380 766 459 praestantissimus,
788 379 930 457 gloriatur
950 380 983 441 iii
1002 398 1072 460 quo·

89 458 151 519 dam
163 469 302 538 memma,
317 478 349 519 se
369 457 513 535 octoginta
526 478 618 519 annos
637 463 749 519 natum⁸
767 459 801 518 in
819 470 964 519 certamen
982 461 1073 521 musi·

87 540 160 597 cuin⁴
186 538 375 608 descendisse,
403 550 430 598 et
455 538 606 599 victoriam
630 538 698 601 inde
724 539 863 598 retulisse
913 538 996 600 Idem
1020 539 1072 601 ali·

88 617 222 695 quamdiu
236 617 332 676 virita
351 616 392 677 ud
402 618 615 697 Hipparchum,
626 618 768 679 Pisistrati
776 618 878 687 filium,
887 618 1072 693 Athenarum

86 701 245 775 tyrannum.
289 638 361 757 Inde
374 699 535 775 Syracusas
555 717 589 757 se
601 698 720 757 contulit
732 697 770 756 ad
784 698 948 759 Hieronem
961 717 1070 776 regem,

86 796 152 834 cuin
164 794 222 853 quo
235 776 413 835 familiariter
434 776 541 835 uixisse
554 774 666 835 dicitur.
707 776 828 835 Primus
843 778 973 837 carmina
985 789 1071 839 statii·

86 855 217 993 mupyptio
230 856 361 935 scripsitq
381 874 472 933 quare
484 874 553 915 eum
574 856 694 917 Musam
705 856 839 916 venalem
858 855 1017 917 reddidisse
1029 856 1071 917 di·

85 954 98 993 c

123 1017 168 1071 23.
193 1014 296 1076 Quum
316 1011 484 1091 Aeschylus
503 1010 700 1081 Atheniensis,
712 1013 764 1090 qui
782 1030 888 1091 parens
906 1012 1071 1093 tragoediae

85 1090 194 1161 dicitur,
216 1092 247 1150 in
268 1092 368 1151 Sicilia
389 1102 558 1160 versaretur,
579 1091 676 1168 ibique
696 1093 728 1151 in
747 1090 811 1151 loco
831 1104 931 1171 aprico
951 1092 1071 1163 sederet

82 1170 181 1247 aquila
199 1170 371 1230 testudinem
392 1170 493 1247 glabro
514 1170 578 1229 eius
590 1170 676 1248 capiti
697 1171 823 1240 immisit,
836 1171 915 1249 quod
933 1192 986 1251 pro
998 1192 1071 1233 saxo

84 1248 190 1310 habuit.
235 1251 303 1312 Quo
317 1250 376 1309 ictu
388 1249 440 1309 ille
453 1249 609 1309 exstinctus
621 1260 670 1308 est

123 1332 169 1387 24.
192 1328 358 1407 Euripides,
379 1330 430 1407 qui
443 1340 471 1387 et
483 1328 555 1407 ipss'
575 1344 718 1405 magnum
737 1328 812 1389 inter
828 1338 928 1406 poetas
943 1328 1070 1407 tragicos

83 1424 189 1467 nomen
202 1407 293 1477 habet,
315 1428 334 1467 a
349 1426 442 1467 coena
463 1406 582 1467 domum
602 1407 727 1467 redieus⁷
746 1428 766 1467 s
786 1407 907 1467 canibus
927 1408 1071 1469 laceratus

123 1570 168 1625 25.
191 1564 386 1624 Athenienses
406 1564 551 1643 quondam
570 1562 608 1624 ab
620 1564 764 1643 Euripide
988 1576 1070 1625 iitex

82 1642 231 1720 tragoedia
252 1644 430 1703 sententiamfl
451 1644 598 1721 quandam
617 1642 736 1703 tolleret,
815 1665 833 1703 e
851 1655 950 1704 autem
966 1645 996 1704 in
1010 1664 1070 1705 sce

82 1741 152 1861 pam
158 1740 337 1860 progreqssus
351 1722 436 1859 diqit:
457 1742 490 1781 se
505 1724 622 1861 flbudihh
636 1742 809 1861 coeqnponere
820 1724 923 1799 solere,
936 1733 969 1782 ut
980 1743 1071 1803 popm

94 1822 145 1863 uin
178 1819 245 1861 ocer
274 1819 385 1871 ,nonu
409 1822 428 1860 a
497 1822 548 1860 uo
623 1820 655 1860 ei

8 1918 12 1943 i
123 1884 170 1941 26
194 1880 382 1959 Philippides,
396 1821 613 1941 cenidium
625 1880 755 1960 scriptor,
769 1898 862 1959 quum
874 1878 906 1939 in
918 1890 1069 1959 poetarum

81 1960 239 2019 certamine
252 1970 363 2037 praeter
376 1978 458 2037 spem
470 1959 593 2030 vicisset,
613 1971 641 2019 et
653 1960 705 2019 illa
717 1959 838 2020 victoria
854 1959 986 2038 impense
998 1978 1070 2037 gau·

80 2036 168 2108 deret,
182 2058 217 2097 eo
231 2038 294 2117 ipso
308 2038 415 2116 gaudio
429 2050 545 2117 repente
558 2039 713 2099 exstinctus
725 2048 775 2097 est

121 2122 168 2177 27.
192 2117 347 2187 Pindarus,
362 2129 449 2195 poeta
462 2117 630 2186 Thebanus,
640 2116 773 2196 Apollini
785 2116 966 2194 gratissimus
978 2115 1069 2179 luins

81 2195 194 2255 dicitur.
238 2197 339 2258 Quare
350 2216 438 2275 saepe
450 2216 468 2255 a
481 2195 676 2257 sacerdotibus
689 2196 721 2255 iii
733 2194 876 2274 templum
889 2194 1070 2274 Delphicum

79 2274 119 2335 ad
132 2292 254 2335 coenam
267 2275 427 2349 vocabatur,
487 2294 574 2353 reque
585 2276 614 2335 ei
625 2276 802 2335 tribuebatur
823 2274 972 2345 donorum,
992 2292 1068 2353 quae

77 2355 277 2413 sacrificantes
303 2354 356 2413 deo
382 2374 400 2414 o
461 2367 548 2415 erant
590 2356 702 2415 Ferunt
727 2354 814 2413 etiam
837 2356 930 2416 Pana·
945 2353 1068 2416 Pindari

78 2432 202 2513 hymnis
215 2444 359 2511 tantopere
372 2434 461 2493 fuisse
474 2432 617 2503 laetatum,
637 2444 669 2492 ut
682 2452 731 2493 eos
744 2434 776 2491 in
788 2433 934 2493 montibus
946 2445 974 2493 et
986 2434 1068 2494 siluis

76 2523 204 2571 caneret
248 2514 351 2575 Quum
365 2512 538 2581 Alexander,
558 2530 610 2571 rex
624 2512 820 2582 Macedoniae,
835 2512 953 2573 Thebas
966 2512 1069 2593 diripe·

77 2602 130 2660 ret,
145 2589 235 2651 unius
249 2591 370 2650 Pindari
384 2592 469 2651 domo
483 2602 509 2650 et
523 2590 651 2651 familiae
662 2592 817 2671 pepercit¹⁰

84 2676 88 2683 '
119 2674 167 2729 28.
192 2671 342 2747 Diogenes
358 2670 488 2751 Cynicus
503 2668 667 2749 Myndum¹¹
689 2671 839 2750 profectus,
856 2688 948 2748 quum
959 2670 1069 2731 videret

75 2749 252 2826 magnificas
273 2760 369 2827 portas
390 2760 417 2809 et
437 2749 540 2809 urbem
562 2751 708 2827 exiguam,
736 2747 876 2829 Myndios
895 2751 1016 2821 monuit,
1035 2760 1082 2811 ut·

76 2838 177 2907 portas
190 2828 361 2896 clauderent,
375 2846 413 2889 ne
426 2828 494 2899 urbs
508 2828 699 2905 egrederetur.
1079 2847 1082 2860 ··

120 2911 167 2967 29.
192 2908 410 2976 Demosthenes,
433 2908 627 2978 Atheniensis,
634 2906 796 2967 incredibili
816 2905 909 2967 studio
929 2918 956 2966 et
969 2907 1067 2969 labora

76 3006 114 3045 eo
128 2988 269 3063 pervenit,
292 2996 331 3054 ut,
352 2987 462 3063 quoni¹²
480 2986 564 3046 multi
578 3005 646 3045 euin
661 2986 780 3064 ingenio
794 3005 899 3064 parum
910 2986 1008 3047 valere
1020 3007 1068 3047 ex·

75 3063 249 3135 istimarent‚
273 3068 373 3123 oniiies
395 3066 493 3125 aetatis
515 3084 585 3125 suae
598 3078 724 3125 oratores
737 3075 885 3143 superaret
898 3065 1066 3143 eloquentis.

77 3144 256 3221 Numquam
268 3155 365 3203 tamen
376 3163 415 3208 ex
427 3156 555 3223 ternpore
567 3144 685 3214 dicebat,
706 3164 800 3223 neque
819 3143 851 3202 in
869 3146 1009 3206 concione
1021 3164 1069 3205 ro·

75 3221 154 3283 lebat
176 3242 340 3299 assurgere,
359 3221 416 3283 nisi
438 3243 506 3295 rem,
528 3223 563 3283 de
575 3244 634 3302 qua
650 3226 812 3302 ageretur,¹³
831 3235 965 3283 accurate
984 3234 1068 3285 antas

74 3302 235 3361 meditatus
248 3312 329 3361 esset.
371 3302 458 3363 Unde
471 3302 604 3380 plerique
619 3323 688 3363 eum
700 3302 834 3363 timidum
846 3322 909 3363 esse
923 3304 1066 3364 existima·

73 3380 153 3440 bant.
198 3381 257 3441 Sed
269 3382 300 3440 in
313 3380 368 3441 hac
381 3402 413 3441 re
428 3383 570 3443 Periclis¹⁴
583 3382 820 3442 consuetudinem
833 3381 1002 3452 imitabatur,
1015 3382 1067 3461 qui

73 3478 137 3520 non
150 3460 239 3520 facile
252 3458 287 3520 de
300 3480 415 3539 quaque
428 3480 459 3519 ie
473 3461 576 3534 dicere,
597 3481 651 3523 nec
664 3460 903 3522 existimationem
910 3480 1000 3521 siisin
1012 3460 1067 3521 for

71 3550 168 3600 tunae
182 3540 362 3600 committere
375 3540 489 3600 solebat.

116 3624 166 3681 30.
192 3619 321 3692 Pericles
332 3620 362 3679 in
376 3620 545 3679 concionem
558 3618 679 3690 ituros‚¹⁵
710 3619 888 3679 uumanimo
910 3616 1065 3696 perpende·

53 3708 279 3779 .ret,quantum
306 3698 427 3779 periculi
456 3697 665 3837 inconsqlqrate
690 3640 765 3757 dicta
793 3693 1065 3772 hominibnsati'er·
