2300 4059
71 82 111 141 32
324 164 327 171 Ι
426 80 479 141 IV.
502 98 698 143 suscoorrs

107 240 162 297 'ld‘
179 238 381 315 Anaxagoras,
395 238 592 317 philosophus,
602 248 694 299 morte
707 238 761 299 filii
773 240 877 311 audita,
888 240 969 303 vultu
982 237 1063 302 uruit

71 316 220 377 inmutato
234 316 318 376 dixit:
342 318 533 377 sciebamme
546 319 698 379 mortalem
710 321 853 396 genuisse

115 400 156 455 11.
180 395 326 474 Archytas
341 396 533 465 'Fauentinus¹
547 416 638 475 quum
651 398 687 456 ub
700 398 803 457 itinere
815 417 956 468 reversus,
969 417 1063 477 agros

71 474 387 565 suosvillici'socordia
400 476 546 553 neglectos
560 476 674 545 videret,
684 480 822 553 grauiter
832 488 858 538 te
872 480 1062 557 castigarem,

72 564 171 631 inqiut,
185 574 245 612 urst
258 562 354 613 cratus
368 574 458 614 esrem,
849 558 852 564 '

114 637 156 691 12.
180 633 262 693 Plato
276 639 390 723 quoque
402 652 493 711 quum
506 632 537 692 in
547 652 664 693 sermm
671 634 880 694 uehementius⁸
889 634 1064 703 erasisset‘

71 710 189 770 veritus⁵
209 730 247 769 ne
269 711 411 771 vindictae
432 713 551 771 modum
574 712 732 784 excederet,
754 714 915 793 Speusippo
937 713 1064 773 adstanti

71 788 224 858 mandarit,
239 800 270 849 ut
284 790 319 849 de
333 790 414 850 illius
427 811 520 869 poena
533 802 672 850 statueret

115 872 157 929 13.
181 868 269 937 Idem,
294 868 423 929 discendi
435 867 589 948 cupiditate
603 870 723 940 ductus,⁸
743 874 914 951 Aegyptum
926 888 1066 949 peragra-

71 948 118 1016 vit,
129 960 155 1006 et
168 968 185 1005 a
195 947 386 1006 sacerdotibus
397 949 476 1008 illius
486 949 615 1025 regionis
626 950 813 1026 geometriam
821 962 847 1009 et
855 950 1065 1010 astronomiam

71 1026 176 1087 didicit.
219 1026 300 1085 idem
314 1026 346 1085 iu
360 1028 473 1087 ltaliam
485 1028 602 1105 trajecit,
616 1039 648 1086 nt
662 1028 712 1087 ubi
727 1029 922 1108 Pptlrsgorae⁷
935 1026 1066 1107 philoso-

71 1105 172 1185 phiam
184 1116 211 1165 et
224 1106 350 1165 instituta
364 1105 491 1166 disceret.

83 1192 86 1199 ’
116 1188 158 1245 ll.
181 1184 374 1245 Athenienses
395 1188 542 1247 Socratem
564 1184 778 1255 domaverunt.
797 1186 979 1265 quoduoros
992 1183 1066 1243 deos

71 1263 252 1324 introducere
264 1262 419 1323 videbatur.
455 1266 650 1341 Protagoram
662 1266 900 1344 quoquephiloso
919 1265 1000 1333 bum,
1009 1262 1066 1341 qui

71 1362 160 1402 ausus
174 1342 266 1401 iuerat
278 1342 411 1413 scribere,
433 1364 461 1403 sc
474 1346 624 1421 ignorare,
643 1346 741 1404 audii
755 1354 852 1414 urent,
866 1284 1066 1403 Adronicuses

72 1440 109 1481 ox
122 1422 194 1481 urbe
207 1422 385 1499 pepulerunt.

116 1505 158 1561 15.
180 1500 357 1578 Xanthippe,
369 1501 493 1561 Socratis
506 1520 587 1571 uxor,
606 1521 722 1562 morosa
734 1501 891 1562 admodum
905 1501 997 1561 fuisse
1009 1498 1068 1558 fer·

71 1579 138 1639 tut.⁸
178 1579 277 1640 Quam
291 1582 352 1657 ejus
366 1580 493 1641 indolem
507 1600 597 1658 quum
610 1582 800 1660 perspexisset
814 1578 989 1648 Alcibiades,
1012 1580 1068 1638 So·

72 1667 179 1717 cratem
192 1657 385 1735 interrogavit,
402 1658 472 1736 quid
486 1670 566 1728 esset,
590 1660 677 1738 quod·
689 1662 842 1720 mulierem
854 1671 915 1719 tam
927 1658 1069 1717 acerbam

73 1746 101 1795 et
110 1736 273 1814 jurgiosam
286 1757 343 1796 non
359 1737 486 1814 exigeret
500 1738 592 1798 domo.
635 1740 715 1799 'rum
729 1739 785 1808 ille,
801 1740 943 1815 munium.
960 1737 1065 1813 iuquit,

74 1818 141 1877 dum
155 1817 240 1875 illam
254 1818 332 1876 domi
342 1818 497 1893 perpetior,
510 1820 688 1886 insuescunt
701 1829 855 1878 ceterorum
871 1836 976 1895 quoque
984 1814 1070 1892 soris

71 1896 268 1973 petulantium
285 1905 312 1955 et
325 1897 454 1972 injurius
461 1896 702 1973 sooiliusferous.

118 1978 161 2034 16.
183 1974 573 2053 Xenocratesphilosophus
591 1994 682 2051 quum
707 1974 917 2035 maledicorum
938 1990 1070 2049 quorun·

75 2051 141 2111 darn
155 2052 280 2111 sermoni
294 2054 468 2121 interesset¹⁰
480 2073 574 2131 neque
587 2053 745 2131 quidquam
758 2054 821 2132 ipse
835 2053 1007 2130 loqueretur,
1021 2050 1069 2109 in·

74 2140 244 2208 ter-rogatus,
266 2150 318 2191 cur
338 2133 413 2192 solus
434 2140 548 2201 taceret,
563 2133 724 2211 respondit:
748 2136 819 2209 quic
831 2133 939 2191 dixisse
953 2150 996 2189 arc
1009 2129 1070 2189 ati·

77 2214 192 2287 pseudo
202 2210 364 2286 poenitent
379 2212 500 2270 tacuisse
514 2231 669 2286 summram.

120 2293 161 2348 17.
185 2291 330 2365 Hegesias
352 2287 542 2365 philosophus
564 2291 594 2349 in
615 2288 854 2367 disputationibus
869 2287 932 2348 suis
945 2286 1025 2346 mila
1038 2296 1070 2346 et

75 2367 221 2458 cruciatus
234 2367 309 2457 vitae
322 2377 380 2425 tarn
393 2366 498 2426 vividis
512 2367 664 2459 coloribus·
670 2367 903 2445 repraesentabat,
924 2376 957 2424 ut
969 2364 1069 2434 multi,

75 2443 1071 2603 distributi-⁵52‘illuditurirritu&

121 2608 162 2663 18.
185 2606 317 2680 Gorgiae
340 2602 501 2663 Leontino¹³
521 2604 572 2680 qui
593 2603 756 2681 eloquentia
775 2615 803 2663 et
823 2601 985 2663 eruditione
1005 2618 1071 2660 om·

76 2702 128 2743 nes
149 2702 221 2744 sune
241 2684 339 2743 aetatis
361 2681 492 2741 homines
514 2700 653 2759 superare
673 2682 915 2749 existimabatur.¹⁴
927 2679 1071 2740 universa

11 2788 15 2794 ·
77 2761 204 2903 ffloeia
224 2760 255 2821 in
274 2761 379 2839 templo
394 2759 540 2839 Apollinis
557 2760 712 2839 Delpbiei¹⁸
731 2772 854 2822 statuam
869 2776 989 2818 auream
1008 2758 1072 2819 eol·

142 2842 188 2901 vit.

122 2925 163 2980 19.
187 2920 268 2980 Idem
282 2938 373 2996 quum
393 2938 503 2978 aunum
518 2920 708 2980 centesimum
728 2918 882 2997 septimum
894 2925 1001 2992 ageret.
1025 2916 1073 2975 in·

78 3011 246 3090 terrogatus
262 3007 434 3074 quapropter
448 3007 507 3056 tom
521 3000 573 3057 diu
586 2999 672 3057 uellet
684 3002 718 3059 io
734 3000 800 3057 vitu
813 2997 985 3056 remouere!
1007 3012 1072 3053 res·

79 3078 190 3159 pondrt:
215 3078 284 3153 quia
298 3077 374 3137 nibil
387 3078 479 3145 dobeo,
499 3078 590 3152 quod*
603 3085 771 3138 senectutem
785 3094 875 3135 mcum
890 3084 1031 3133 accusem.

119 3162 164 3217 20.
188 3154 380 3217 Illustrissimi
401 3174 485 3233 saepe
506 3154 561 3213 viri
583 3154 688 3215 humili
702 3156 766 3215 loco
778 3154 838 3214 nati
851 3154 973 3213 fuerunt
1016 3152 1073 3210 So·

79 3247 178 3304 crates,
188 3254 275 3312 quern
288 3234 439 3295 oraculum
453 3233 600 3312 Apollinis
613 3234 856 3311 sapientissimum
869 3231 1002 3290 omnium
1016 3228 1073 3289 ho-

79 3315 193 3377 minum
217 3312 362 3391 judicarit,
383 3312 540 3373 obstetricis
569 3312 648 3372 filius
677 3312 737 3373 brit.
779 3308 944 3390 Euripides,
972 3319 1071 3385 poeto,

79 3394 215 3470 tragicus,
236 3401 357 3451 matrem
377 3391 483 3459 habuit,
505 3410 580 3468 quae
600 3392 679 3452 olera
698 3390 874 3468 venditabat3
895 3397 922 3445 et
945 3386 1073 3445 Demos-
1094 3398 1098 3404 “

79 3472 183 3541 thanis
212 3470 331 3530 oratoris
359 3468 592 3547 eloquentissimi,
621 3481 729 3547 patrem
750 3468 881 3531 cultellos
901 3463 1074 3525 vendidisse

81 3560 204 3611 hmani.

6 3688 10 3697 ,
122 3631 168 3687 21.
190 3629 346 3696 Homerus,
364 3626 497 3705 princeps
517 3635 668 3704 poetarum
690 3626 878 3695 Graecorum,
900 3620 999 3683 doloro
1019 3621 1075 3682 ab·
1140 3705 1141 3720 χ
