2300 4059
5 118 11 149 .‚
92 68 130 130 tt
446 62 500 128 1v.
521 82 718 127 aaronem

5 226 6 295 ἶ
90 242 159 284 nem
172 242 304 285 summae
317 222 428 302 pietatis
441 234 469 283 et
481 243 608 301 magnae
626 223 696 302 spei,
717 232 810 282 morte
828 218 979 295 amisimet
1000 218 1079 284 dolo

90 322 153 365 mn
166 323 254 363 arrum
266 304 306 363 ita
318 304 454 373 coercuit,
475 314 506 363 ut
527 324 545 363 a
558 323 631 381 rogo
643 302 834 362 adolescentis
845 312 984 381 protenus
1002 302 1081 363 curi·

5 394 6 447 ξ
90 402 140 443 am
153 393 266 463 peteret,
281 383 378 460 ibique
392 385 522 443 muneris
535 382 583 443 eui
595 384 712 459 negotia
724 394 842 441 strenue
854 382 951 442 obiret

132 468 178 523 72
202 462 237 521 ln
256 462 333 521 bello
357 462 558 521 Romanorum
581 480 649 523 cum
672 463 800 532 Perseo,¹
820 462 922 521 ultimo
944 460 1082 520 Macedo·
1147 463 1148 548 l

5 566 6 569 ¹
91 540 157 601 niae
186 560 263 619 rege,
297 540 406 612 accidit,
437 552 469 600 ut
498 560 602 612 serena
627 553 711 600 nocte
731 540 825 601 subito
845 542 917 601 luna
935 539 1080 601 deficeret
1147 563 1148 612 t

5 622 6 653 l
91 622 176 683 llaec
190 640 237 679 res
250 620 397 697 ingentem
410 618 484 698 apud
506 622 614 681 milites
632 633 772 679 terrorem
785 620 925 688 excimvit,
942 620 993 697 qui
1006 619 1083 679 exis·
1147 625 1148 694 l

5 726 7 775 ς
90 700 235 771 timebant,
257 698 313 759 boc
335 700 442 759 omine*
463 701 589 759 futuram
609 700 722 761 cladem
735 698 873 777 portendi
917 694 1082 759 Tumiero
1147 697 1148 772 l

90 779 239 857 Sulpicius
254 778 369 848 Gallus,
382 779 434 856 qui
448 790 507 838 erat
521 780 552 837 in
565 800 600 838 eo
614 780 748 848 exercitu,
759 778 790 837 in
803 779 942 840 concione
952 777 1085 837 militurn
1147 785 1148 802 l

5 874 7 903 ⁵
90 877 210 917 causam
224 858 311 935 hujus
324 858 367 917 rei
379 870 439 917 tam
460 858 564 918 diserte
577 859 717 937 exposuit,
737 868 770 915 ut
782 868 896 936 postero
909 856 957 917 die
977 874 1084 917 omnes

91 935 233 1015 intrepido
247 939 344 997 animo
358 955 489 1015 pugnam
502 939 716 997 committerent
845 955 849 957 ’

131 1020 177 1076 73.
201 1018 233 1076 L
250 1016 362 1076 Siccius
378 1018 519 1075 Dentatus
542 1018 578 1077 ob
600 1017 748 1095 insignem
769 1015 966 1079 fortitudinem
985 1014 1086 1094 appel·
1147 1029 1148 1090 ,

91 1092 168 1155 latiis
181 1107 223 1154 est
237 1095 369 1155 Achilles
383 1096 543 1156 Romanus.
587 1097 743 1174 Pugnasse
761 1099 787 1157 is
808 1098 912 1157 dicitur
924 1106 1040 1154 centum
1053 1105 1085 1153 et

90 1174 196 1253 viginti
209 1176 342 1253 proeliis;
365 1176 529 1235 cicatricem
549 1178 692 1235 aversarn³
713 1177 833 1247 nullam,
851 1174 987 1235 adverus
998 1174 1086 1251 quin·
1147 1189 1148 1196 ¹

90 1272 148 1393 que
161 1266 188 1314 et
201 1254 392 1333 quadraginta
404 1254 520 1334 tulisse;
540 1256 665 1333 coronis*
684 1276 749 1315 osae
762 1256 884 1315 donatus
902 1254 1000 1315 aurcis
1012 1254 1085 1313 duo·
1147 1315 1148 1328 ,

110 1334 238 1411 eviginti,
254 1333 425 1394 obsidionali
439 1354 506 1406 una,
528 1334 690 1395 muralibus
708 1338 809 1405 tribus,
831 1334 932 1394 civicis
949 1343 1086 1411 quatuor·

90 1412 193 1483 decim,
220 1412 370 1491 torquibus
396 1414 488 1473 tribus
511 1425 538 1473 et
564 1414 716 1491 octoginta,
738 1414 864 1474 armillis
885 1413 1087 1491 plusocntum
1147 1449 1148 1476 r

90 1492 249 1569 sexaginta,
272 1490 590 1569 hastis-duodeviginti.
634 1494 772 1554 Phaleris
792 1494 870 1553 idern
891 1491 1015 1551 donatus
1038 1502 1088 1551 est

90 1570 244 1649 quinquies
256 1570 419 1647 uiciesque.
462 1571 668 1651 Triumphauit
688 1594 757 1634 cum
778 1571 997 1653 imperatoribus
1019 1570 1087 1630 suia
1147 1643 1148 1646 Ἴ

91 1648 255 1727 tritnnphos
268 1666 380 1708 novem.
1147 1655 1148 1728 l

130 1732 177 1789 74.
201 1726 399 1789 Hannibalern
421 1728 452 1789 in
467 1730 583 1791 ltaliam
595 1731 824 1810 proficiscentem
836 1731 892 1791 tria
904 1728 998 1789 millia
1012 1728 1089 1789 Car·
1147 1737 1148 1754 ¹

89 1808 271 1887 petanorum⁵
285 1806 466 1885 reliquerent.
511 1812 649 1872 Quorum
668 1810 835 1891 exemplum
846 1830 885 1869 ne
897 1808 1002 1869 caeteri
1014 1828 1089 1887 quo·

90 1904 148 1965 que
159 1885 285 1947 barbari‘
298 1900 494 1964 sequerentur,
509 1888 605 1957 edixit,
619 1909 670 1948 eos
683 1910 702 1949 a
715 1910 747 1949 se
759 1910 825 1951 esse
836 1889 980 1960 dimissos,
1001 1900 1028 1947 et
1041 1888 1090 1948 in·

90 1984 179 2044 super
192 1964 223 2026 in
238 1964 325 2027 fidem
338 1966 401 2043 ejus
416 1968 469 2026 rei⁷
481 1966 555 2027 alios
569 1968 662 2047 etiarn,
677 1988 803 2047 quorum
816 1969 887 2029 fides
899 1968 956 2047 ipsi
969 1986 1089 2047 srrspec·

89 2054 120 2104 ta
131 2055 202 2115 erat,
216 2044 336 2104 domum
346 2045 462 2106 remisit.

133 2127 179 2183 75.
203 2123 354 2184 Hannibal
367 2143 459 2201 quum
474 2122 641 2203 elephantos
660 2127 836 2205 compellere
854 2146 913 2185 non
927 2134 1030 2204 posset,
1051 2136 1089 2187 ut

89 2203 253 2283 praealtmn
267 2203 377 2261 flumen
390 2204 550 2274 transirent,
563 2224 585 2263 n
620 2224 659 2263 ue
672 2217 747 2283 rates
767 2206 892 2276 haberet,
913 2204 1019 2283 quibus
1033 2224 1089 2265 eos

90 2282 252 2359 trajiceret,⁸
261 2281 348 2358 jussit
361 2279 574 2342 'ferocissimum
593 2304 611 2344 e
622 2284 813 2361 ephantorum
833 2285 888 2344 sub
900 2302 972 2343 aure
984 2279 1090 2344 vulne·

91 2360 172 2431 rari,⁸
188 2371 216 2419 et
228 2380 304 2431 eum,
319 2360 370 2437 qui
383 2362 567 2441 vulnerasset,
582 2363 659 2423 sein
673 2364 787 2423 flumen.
796 2364 940 2441 conjicere
951 2361 1090 2441 illudque

90 2451 217 2500 tranare.
273 2440 354 2499 Tum
382 2439 551 2519 elephantus
577 2454 764 2521 exasperatus
789 2442 827 2502 ad
851 2442 1092 2522 persequendum

90 2518 199 2579 tloloris
213 2519 260 2577 sui
272 2528 420 2581 cunerem
432 2521 556 2580 tranavit
573 2540 698 2596 amnem,
721 2533 750 2583 et
769 2522 875 2602 reliqui
887 2540 1003 2602 quoque
1015 2540 1091 2583 sum
1147 2585 1149 2598 ,

91 2598 183 2659 secuti
196 2608 270 2660 sunt
