2300 4059
347 94 549 139 troanortnrr
564 89 737 138 irruatur.
773 100 778 113 ¹
997 72 1035 133 39

38 289 40 293 .
55 235 154 304 armis,
174 234 279 312 plenas
298 232 427 312 pulveris
440 254 475 293 aa
487 232 608 304 sudoris
623 234 654 292 in
667 228 872 310 praefrigidum
884 226 992 287 undam
1005 246 1037 287 se
1141 234 1142 279 t

20 350 24 359 ·
56 315 183 393 projecit
224 313 305 372 Turn
325 324 440 390 repente
459 324 552 371 tantus
571 322 676 371 nervos
697 310 759 386 ejus
773 319 892 386 occupat
906 309 993 397 rigor,
1007 316 1039 365 ut

43 396 118 471 =jam
130 393 167 455 de
180 404 322 453 eoactum
342 411 406 450 esse
426 391 577 450 videretur.
621 391 711 468 Unqa
720 398 780 447 erat
800 408 837 446 ex
849 386 976 455 medicis,
990 404 1040 444 no·

58 473 138 531 mine
158 471 320 547 Philippus,
334 472 386 546 qui
397 470 559 529 remedium
579 468 777 547 polliceretur;
797 465 850 524 sed
870 465 948 524 hunc
970 465 1040 523 Par·

34 607 38 614 .
58 550 202 618 mentonis,
220 549 357 625 epistolae
370 548 492 627 pridiee
508 548 692 626 Cappadocia
707 548 812 605 missae
824 542 989 622 suspectum
1002 542 1040 601 fa·
1141 606 1142 619 χ

58 629 177 689 ciebant
220 628 280 687 Hic
294 628 381 696 euim,
390 623 869 703 ignarusiufirmitatisAlexarrdri,
878 622 1040 707 scripserat,

57 728 77 765 a
91 706 231 783 Philippo
249 706 361 765 medico
382 718 508 783 caveret;
529 726 597 765 nam
618 717 784 781 corruptum
804 702 889 761 illurn
908 723 927 761 a
950 700 1041 761 Dario

59 786 171 865 ingenti
190 784 314 861 pecunia
326 804 397 843 essa
439 783 606 843 Alexander
619 796 715 843 tamen
735 783 823 841 tutius
836 793 878 841 est
892 792 978 849 ratus,
992 778 1043 837 du·

59 864 126 922 biae
145 884 177 924 se
190 862 388 921 fidei⁸medico
400 864 525 932 credere,
540 882 627 939 qnam
648 861 810 921 indubitato¹
825 860 924 919 morbo
938 858 1040 936 perire.

58 945 189 1019 Accepto
215 939 304 1017 igitur
324 940 436 1018 poculo,
457 942 591 1019 epistolas
614 940 723 999 medico
743 938 872 1015 tradidit;
899 950 984 1014 atque
1003 937 1044 1000 ita

59 1020 133 1079 inter
154 1018 310 1091 bibendum
330 1019 430 1081 oculos
442 1020 474 1079 in
488 1020 599 1080 vultum
610 1018 731 1095 legentis
741 1016 865 1075 intendit
909 1017 949 1076 Ut
963 1014 1044 1075 recu·

60 1118 129 1157 rum
151 1098 307 1175 conspexit,
327 1097 428 1159 laetior
454 1098 545 1157 iactus
564 1108 615 1167 est
640 1097 847 1173 sanitatemque
873 1107 976 1174 quarta
996 1093 1044 1153 die

57 1177 188 1255 recepit,

191 1351 237 1407 21.
262 1344 390 1407 Darium
402 1346 497 1409 nimii
509 1350 549 1406 aa
562 1344 663 1407 lemur.
705 1348 788 1423 (Just.
803 1346 858 1406 xl.
873 1346 915 1424 9.)

99 1521 218 1579 Interea
240 1520 349 1579 Darius
367 1540 437 1581 curn
465 1520 682 1599 quadringentis
703 1519 833 1581 millibus
853 1519 988 1599 peditum,
1009 1538 1044 1579 ac

55 1610 179 1659 sennam
198 1598 329 1658 millibus
349 1596 478 1675 equitum
491 1599 522 1659 iu
535 1600 627 1659 aciem
649 1596 781 1679 procedit
825 1599 958 1660 Movebut
973 1598 1045 1658 haec

55 1677 216 1737 multitudo
228 1678 353 1737 hostiurn
368 1688 497 1755 respectu
511 1678 660 1756 paucitatis
672 1698 745 1737 suae
759 1678 970 1756 Alexandnrm;
991 1696 1046 1737 nec

54 1767 160 1815 tamen
179 1755 287 1815 bellum
300 1755 416 1815 differre
430 1767 515 1824 ratus,
529 1758 738 1817 circumvectus
751 1776 827 1826 suos,
837 1756 968 1833 singulas
979 1776 1047 1833 gen·

53 1847 100 1893 tes
116 1834 233 1894 diversa
245 1836 373 1894 oratione
392 1833 554 1911 alloquitur.
598 1833 716 1913 illyrios
730 1845 757 1894 et
772 1835 903 1893 Thracas
913 1853 1001 1909 opum
1011 1852 1046 1895 aa

52 1913 239 1973 divitiarum²
248 1912 448 1988 ostentatiouaq
463 1914 594 1972 Graecos
603 1924 732 1973 veterum
741 1912 885 1972 bellorum
895 1912 1048 1983 momoria,

54 1992 364 2069 interneciriquecurn
373 1993 472 2051 Persis
481 1991 539 2051 odii
547 1992 724 2051 accendebat
767 1991 1047 2051 Macedonexautem

53 2090 142 2130 nunc
164 2071 302 2147 Europae
320 2071 412 2129 victae
437 2070 578 2141 admonet,
599 2090 677 2129 nunc
699 2070 790 2129 Asiae
810 2070 964 2148 expetitae3
991 2085 1045 2131 nee

53 2149 195 2208 inveritaa
208 2147 267 2206 illis
277 2158 333 2207 toto
342 2150 411 2207 orbe
419 2168 504 2225 pares
514 2150 589 2207 vires
599 2148 758 2225 gloriatur?
778 2149 809 2208 N
811 2167 843 2207 oc
856 2150 938 2208 Darii
947 2150 1047 2225 segnis

53 2246 152 2305 opera
166 2228 197 2285 in
211 2225 369 2286 ordinanda
381 2226 444 2285 acie
457 2228 516 2285 ruit
560 2227 678 2304 Quippe
698 2228 760 2305 ipse
773 2228 870 2286 omnia
883 2228 1046 2299 circumire,

51 2306 198 2382 singulos
218 2304 334 2375 hortari,
348 2306 452 2364 veteris
472 2306 584 2381 gloriae
599 2306 757 2365 Persarum
770 2306 931 2365 admonere.
975 2308 1044 2366 Post

52 2386 136 2444 haec
150 2383 295 2461 proelium
308 2384 473 2459 ingentibus
486 2385 592 2443 animis
606 2384 797 2443 committitur.
840 2386 875 2445 In
884 2404 918 2444 eo
928 2396 1047 2463 uterque

52 2484 114 2523 rex
127 2462 304 2522 vulneratur.
346 2464 422 2521 Tam
436 2462 488 2521 diu
496 2475 639 2522 certamen
648 2482 753 2541 anceps
762 2464 821 2531 fuit
831 2464 923 2541 quoad
935 2464 1047 2543 fugeret

54 2542 184 2603 Darius.
225 2540 342 2600 Exinde
364 2540 467 2601 caedes
489 2542 647 2614 Persarum
665 2554 766 2601 secuta
785 2554 834 2601 est.
892 2544 926 2601 In
946 2543 1047 2601 castris

51 2639 168 2681 eornm
188 2618 311 2677 multum
331 2619 396 2677 auri
416 2630 651 2697 caeterarumque
664 2640 753 2697 opum
769 2621 925 2680 inventurn.
968 2622 1046 2681 Inter

50 2698 202 2777 captivos
212 2710 371 2758 castrorum
390 2708 481 2757 mater
495 2709 522 2757 et
540 2718 614 2778 uxor
626 2708 654 2756 et
674 2698 752 2757 filiae
764 2698 840 2757 duae
855 2698 938 2758 Darii
959 2700 1045 2759 fixere.

53 2778 110 2839 Ad
126 2796 201 2854 quaa
213 2776 346 2836 visendas
360 2796 451 2851 quum
465 2776 636 2835 Alexanderv
646 2778 777 2846 venisset,
787 2778 946 2854 conspectis
955 2796 1049 2841 arma·

52 2860 94 2917 tis
119 2855 246 2913 invicem
266 2874 299 2915 se
319 2854 493 2931 complexae,
511 2854 590 2913 velut
605 2856 698 2913 statim
719 2855 881 2925 moriturae,
891 2858 1062 2936 complora-

51 2938 174 2995 tionem
183 2933 304 2996 edidere.
328 2932 612 2993 Provolutaedcinde
625 2933 760 3010 genubus
771 2930 931 2997 Alexandri
948 2936 1048 2999 monis

52 3012 233 3093 dilationem¹
244 3016 405 3089 precantur,
419 3010 489 3070 dum
506 3012 589 3071 Darii
602 3012 907 3091 corpussepeliverint.
950 3016 1048 3075 Motus

51 3102 142 3151 tanta
162 3091 319 3150 mulierum
338 3090 441 3167 pietate
456 3090 627 3160 Alexander,
642 3101 669 3149 et
684 3091 807 3150 Darium
820 3093 917 3152 rivere
930 3094 1007 3161 dixit,
1022 3104 1049 3153 et

52 3169 230 3231 timentibus
238 3168 456 3230 monumenta
465 3168 574 3241 demat,
584 3188 689 3249 easque
697 3170 835 3233 lrabmiut
843 3172 960 3251 reginu
970 3190 1050 3253 praa·

51 3250 147 3327 oepit
499 3251 502 3256 '
692 3282 693 3287 κ
828 3270 830 3277 ·

86 3428 140 3487 22.
165 3424 321 3484 Prasiane
334 3426 426 3486 Axios
437 3435 542 3565 miii
550 3427 655 3583 oq'eotqri
669 3402 874 3504 rg‘mijict'unt.
904 3426 1018 3509 (lustin
1039 3500 1049 3514 „

103 3679 180 3765 Post
192 3670 248 3739 hoc
261 3678 404 3759 proelium
415 3678 640 3741 Parmenionem
651 3678 687 3739 ad
696 3678 891 3771 occupandam
900 3680 1050 3741 Persicam

53 3760 197 3826 almam,
211 3758 341 3836 aliosque
358 3760 520 3821 amicorum
533 3778 654 3819 suorum
667 3754 704 3818 ad
717 3755 895 3837 recipiendas
909 3760 999 3819 Asiae
1012 3758 1051 3818 ci·

103 3854 195 3901 naar
209 3845 304 3898 rr.—5
864 3872 866 3876 ·
