2300 4059
188 153 194 165 .
209 130 333 177 enarra
348 130 902 189 1ercnromsvrrtrtarmrroun.
1004 116 1041 185 tt

112 375 114 378 '
210 368 236 428 t.
260 366 363 427 Cicero
372 374 438 444 post
446 366 586 427 attitiae
599 366 634 427 itt
645 368 743 427 urbem
757 384 892 454 retrectat.

85 537 87 540 ’
101 525 203 587 Quum
215 541 314 582 rernm
332 522 514 603 publicarum
527 533 615 583 natus
628 496 754 602 grauiter
772 500 834 583 tarn
846 496 1045 585 concuteretur
1137 522 1138 535 ¹

62 602 159 663 Sullae
179 613 206 661 et
225 601 315 662 Marii
331 602 545 671 certaminibus,
561 601 672 671 Cicero,
687 604 723 663 ab
743 605 823 663 omni
842 604 968 681 partium
987 614 1045 663 etu-
1137 640 1138 659 2

61 679 106 739 dio
127 680 247 750 alienus,
261 682 429 752 oratoribus,
438 678 494 760 qui
506 692 569 745 tum
582 680 766 750 excellebant,
781 682 906 751 vacabat,
920 682 967 747 rel
981 682 1044 761 ipse

61 760 182 837 cogitata
201 761 305 819 mentia
327 759 427 819 litteris
447 755 606 819 mandabat.
649 760 706 841 Sed
719 759 845 819 multum
865 760 916 821 ille
936 762 968 821 in
988 762 1044 822 hac

59 855 91 897 re
103 838 280 917 discrepabat
293 859 312 896 a
323 850 437 898 nostrae
445 836 543 898 aetatis
553 838 705 898 hominum
715 840 840 919 ingenio.
885 840 955 900 Non
965 842 1044 901 eninr

58 918 193 995 protrusit
206 927 233 976 et
245 917 393 995 evulgavit
406 919 507 989 statim,
521 917 596 993 qnae
609 920 723 997 juvenis
737 918 838 977 litteris
857 920 1044 997 consignave-

57 1007 106 1064 rat
121 996 174 1056 sed
193 996 231 1055 ad
249 998 715 1075 maturiorem-aetatemreposuit,
731 1007 764 1066 et,
779 1016 853 1075 quae
866 998 966 1057 minus
981 1010 1044 1059 tum

57 1075 245 1152 probarentur
264 1076 328 1153 ejus
352 1075 470 1153 judicio,
490 1086 541 1135 out
566 1075 734 1145 emendavit,
756 1087 805 1135 aut
824 1076 910 1156 plane
929 1076 1041 1139 delevit

58 1154 106 1215 Ad
119 1164 246 1228 oratores
259 1166 362 1225 antem,
376 1173 501 1231 quornm
513 1154 646 1233 exemplo
660 1166 687 1213 et
707 1154 860 1232 disciplina
872 1155 969 1232 adjuta
981 1168 1044 1217 tum

56 1232 201 1311 imprimis
214 1245 281 1292 sunt
295 1233 446 1292 Ciceronis
466 1233 567 1304 studia,
582 1234 722 1311 pertinent
742 1233 831 1293 Philo
848 1235 1043 1295 Academicus

56 1321 83 1371 et
97 1310 180 1371 Molo
189 1312 332 1382 Rhodius,
347 1312 524 1371 Mithridatis
537 1312 634 1372 surore
646 1323 732 1390 atquo
744 1312 881 1373 violentia
889 1333 957 1373 cum
970 1314 1044 1375 mul·

55 1391 92 1448 tis
112 1389 181 1449 aliis
201 1412 219 1449 e
240 1389 366 1451 Graecia
386 1391 502 1450 exacti
536 1392 594 1453 His
615 1391 733 1469 quidem
753 1403 780 1451 et
803 1392 926 1451 Diodoto
948 1393 1043 1453 Stoico

56 1475 158 1550 (quem
171 1470 276 1548 recepit
289 1470 361 1528 adeo
381 1470 412 1529 in
426 1470 545 1529 domum
558 1472 655 1548 snam)
669 1468 703 1529 eo
711 1470 875 1550 *impensius
889 1471 966 1531 dedit
979 1492 1044 1551 ope·

56 1567 126 1616 ram,
141 1568 199 1626 quo
220 1549 313 1626 major
329 1548 355 1607 ci
376 1549 451 1608 inter
469 1550 619 1608 Romanos
633 1562 758 1609 oratores
771 1550 917 1610 eminendi
931 1550 983 1611 fuit
996 1572 1045 1613 cu·

54 1626 177 1705 piditas,
226 1628 421 1689 Accenderat·
435 1628 569 1706 inprimis
592 1628 742 1705 Ciceronis
763 1630 858 1696 studia
877 1630 1044 1713 exemplum

54 1706 216 1778 Hortensii,
230 1707 361 1767 omnium
382 1718 535 1777 oratorum,
550 1708 601 1785 qui
620 1719 682 1771 tum
700 1708 1044 1793 Rornaeflorebant,0105

52 1786 244 1863 quentissimi
285 1786 377 1854 Hunc
391 1784 480 1862 igitur
492 1796 570 1850 tanto
592 1786 682 1845 animi
699 1786 804 1853 ¹ardore
817 1787 1043 1861 aemulatus-est,

52 1876 84 1923 ut
97 1864 181 1949 brevi
194 1876 321 1945 tempore
333 1857 393 1930 uon
406 1875 541 1943 aequaret
550 1874 661 1929 tantum
674 1866 736 1945 ejus
747 1864 873 1940 laudem,
886 1866 937 1932 sed
958 1868 1044 1933 etiam

53 1952 212 2023 superaret„
1016 1950 1017 1955 '

143 2122 170 2180 5.
195 2117 298 2179 Cicero
311 2086 344 2178 te
358 2136 448 2178 contro
456 2101 578 2195 publiea
587 2088 718 2197 primm
731 2126 831 2177 orator
839 2119 950 2197 prodit,
1014 2188 1017 2193 Ι
1037 2092 1041 2098 .

91 2274 208 2345 Cicero,
228 2274 333 2351 viginti
351 2285 379 2336 et
399 2292 451 2338 sex
470 2290 564 2336 annos
582 2285 676 2345 natus,
695 2286 846 2353 postquam
872 2274 905 2337 in
924 2276 1043 2355 privatis

48 2355 155 2419 causis
171 2355 387 2432 jampluribua
407 2372 631 2431 operam-suam
650 2353 898 2431 commodaverat,
911 2356 1043 2437 nuncin

46 2432 169 2509 publica
190 2454 278 2497 causa
295 2431 476 2510 eloquentiae
502 2451 574 2496 suae
594 2432 692 2523 copias
711 2434 898 2512 expromendi
919 2436 1043 2499 occasio·

46 2531 120 2571 nem
132 2523 239 2571 noctus
248 2523 296 2571 eat
340 2512 422 2578 Nam
434 2530 527 2589 quum
547 2512 690 2589 Roscium
703 2512 848 2589 quendam
861 2534 897 2573 ex
911 2516 1041 2588 Ameria,

45 2590 201 2669 parricidii
214 2602 389 2661 accusatum,
403 2592 440 2650 ob
456 2590 519 2660 Chr
540 2590 652 2667 sogoni,
667 2592 717 2667 qui
737 2592 768 2664 in
789 2592 852 2668 ejus
869 2592 1041 2659 adversariis

43 2670 110 2739 suit,
134 2671 290 2749 potentiam
304 2690 399 2746 ‘nemo
427 2611 579 2746 desendbre
601 2667 736 2747 auderetp
764 2681 841 2739 tanta
861 2668 1041 2751 eloquentiae

44 2749 74 2807 ri
97 2761 128 2813 at
148 2749 240 2820 animi
260 2748 387 2813 libertae
400 2768 470 2809 enm
482 2747 606 2809 defendit
621 2748 735 2817 Cicero,
747 2760 777 2811 ut
787 2749 923 2827 jamtum
936 2750 967 2811 in
980 2763 1041 2829 arte

42 2828 166 2889 dicendi
186 2827 288 2893 nullus
308 2830 336 2897 ei
355 2847 409 2906 par
430 2848 494 2889 esse
514 2826 666 2887 videretur.
710 2828 777 2905 lpse
799 2828 903 2895 Cicero
924 2832 1040 2909 saepius

40 2915 239 2985 magnacum
252 2908 343 2967 animi
356 2904 501 2985 voluptate
514 2906 604 2984 hujus
617 2906 754 2983 orationis
768 2918 794 2965 et
807 2920 905 2987 partae
917 2909 974 2973 sibi
1024 2903 1039 2989 'r

39 3008 113 3047 eam
127 2986 224 3045 laudis
237 2986 375 3055 meminit,
389 2984 522 3063 quamvis
536 2984 621 3054 idem,
636 3004 667 3045 se
680 2984 804 3045 nimium
818 2988 926 3066 passim
940 2990 970 3049 in
984 2930 1040 3049 diro

40 3067 180 3127 oratione
189 3064 312 3143 juvenili
322 3065 427 3125 fervori
436 3062 592 3123 indulsisse
601 3076 627 3123 et
639 3064 721 3134 fines,
733 3066 807 3127 intra
817 3086 889 3145 quos
899 3068 1039 3129 contineri

38 3144 202 3283 debuissutit,
215 3143 404 3216 transiluisse,
427 3144 463 3221 in
481 3144 638 3206 maturiore
659 3155 750 3207 aetate
772 3149 943 3217 constitutm
960 3146 1040 3209 haud

38 3224 153 3288 diesim
185 3234 221 3283 ot

353 3387 380 3445 6.
405 3354 737 3459 cicero-peregrimum
820 3449 833 3458 M

48 3591 51 3596 ,
81 3558 180 3616 Anno
195 3565 260 3633 post
279 3553 317 3615 ad
336 3554 466 3634 corporis
485 3552 564 3613 male
583 3552 677 3614 offecti
698 3525 1039 3623 valetudinemrefic‘ialss

33 3634 118 3697 dam
132 3633 237 3696 Cicero
250 3634 282 3692 in
296 3635 399 3694 Asiam
407 3632 611 3711 profectusest·
655 3634 896 3712 Quamprimum
906 3636 1039 3703 Athenas

32 3713 181 3781 venisset,
193 3712 266 3771 adeo
276 3714 366 3793 hujus
387 3712 468 3773 urbis
484 3710 648 3771 commodis
661 3724 688 3775 et
701 3714 959 3789 opportunitatibus
971 3734 1038 3793 capr

31 3807 90 3859 Ν
115 3802 172 3863 wir
186 3803 219 3858 'ut
227 3802 348 3880 per'sex
365 3810 482 3855 menses
501 3790 543 3850 ibi
564 3802 808 3879 commoraretur,
825 3793 927 3857 ..Nihil
940 3806 1038 3865 mg
1135 3792 1138 3809 ⁴
