2300 4059
25 72 28 149 p
437 45 489 109 lv.
512 64 708 110 srrcnorrs.
1024 50 1064 115 87

25 150 28 285 l
78 217 129 277 rat,
144 204 372 267 lacedaemonio
387 202 504 265 cuidam
513 204 639 276 dixisset,
650 228 678 265 se
687 227 745 266 aaa
755 206 908 275 arbitrari,
920 206 1064 267 Larem

25 288 26 327 ἶ
78 288 234 348 moniacam
249 304 415 361 quemquam
431 286 544 344 tamdiu
565 287 640 345 idem
655 286 757 363 facere
771 306 859 363 posse,
881 286 932 346 ille
948 306 1064 365 respon·

78 364 131 425 dit:
153 375 184 423 at
198 365 320 423 marcrad
335 373 361 421 te
375 364 492 423 diutius.

116 448 160 503 61.
186 443 332 525 Diagoras
347 442 500 511 Rhodius,²
512 462 603 521 quum
617 455 675 503 tres
688 444 752 520 ejus
764 443 818 505 filii
831 440 952 505 inludis
963 442 1065 523 Olym·

76 523 157 614 picis'
169 523 291 581 victores
306 521 459 583 renuntiati
473 533 574 591 essent,
586 533 663 582 tanto
676 523 796 582 affectus
808 534 851 581 est
864 522 978 601 gaudio,
987 535 1018 582 ut
1031 523 1063 583 in

76 620 145 740 rppffi
151 602 250 673 stadio,
264 602 439 679 inspectante
452 600 579 679 populo,⁴
599 602 631 660 in
645 600 774 661 liliorum
786 602 922 663 manibus
934 604 1063 663 animam

77 699 92 738 r
146 691 211 740 eret.
442 706 448 711 ·

114 763 160 819 62.
182 758 281 837 Scipio
291 758 457 819 Africanus⁶
480 778 630 837 nunquam
643 760 681 818 ad
694 760 811 837 negotia
822 760 939 839 publica
947 759 1064 821 aecede-

25 800 31 879 l
74 837 130 909 bat,
142 850 208 898 ante
221 856 310 915 quam
323 838 354 897 in
367 837 475 915 templo
488 840 505 897 J
506 838 569 897 oris
582 850 715 916 precatus
728 850 809 898 esset

112 922 158 977 63.
182 917 279 994 Scipio
302 916 398 977 dicere
419 916 534 985 solebat,
558 917 634 977 hosti
655 938 717 977 non
733 918 831 977 solum
851 918 976 979 dandm
997 936 1063 979 aaa

73 995 149 1055 viam
164 995 302 1073 fugiendi,
314 996 364 1055 sed
378 996 464 1055 etiam
478 996 674 1056 muniendam.
709 998 848 1058 Similiter
859 999 1000 1077 Pyrrhus,
1010 1017 1063 1058 rex

73 1074 179 1153 Epiri:
200 1076 322 1152 fugienti
343 1075 418 1134 hosti
440 1075 622 1153 pertinaciter
642 1076 809 1136 instandum
829 1096 894 1137 esse
913 1077 1037 1155 negabat
1044 1076 1063 1155 ς’

25 1178 26 1183 ¹
72 1172 131 1213 non
144 1154 247 1225 solum,
270 1174 308 1213 ne
321 1155 432 1214 sortius⁸
445 1175 483 1214 ex
495 1155 674 1215 necessitate⁰
694 1156 843 1226 resisteret,
857 1155 907 1215 sad
920 1168 951 1215 ut
964 1166 1063 1234 postea

71 1252 188 1311 quoque
207 1232 322 1293 facilius
335 1234 397 1292 acie
411 1234 530 1304 cederet,
555 1245 642 1307 ratus,
663 1234 786 1295 victores
807 1234 983 1313 ugiennbta
1001 1254 1062 1295 nott

71 1312 216 1389 usquead
229 1312 388 1391 perniciem
402 1313 555 1371 instaturos
569 1332 641 1373 esse

110 1395 157 1451 64.
180 1391 317 1452 Metellus
333 1392 412 1462 Pius
423 1392 452 1451 in
464 1392 610 1470 Hispania
618 1391 729 1453 bellum
739 1393 1061 1471 gerenqinterrogatus,

70 1468 139 1547 quid
151 1484 268 1549 postero
281 1470 328 1531 die
341 1471 469 1533 facturus
482 1473 579 1531 essett
614 1469 855 1554 malaeum,
875 1472 974 1551 inquit,
988 1473 1017 1533 ri
1028 1472 1062 1533 id

71 1550 166 1625 eloqui
176 1562 278 1626 poscet,
298 1552 494 1613 conlucerent.
676 1557 679 1564 ’
751 1580 781 1627 „-

25 1654 26 1657 ¹
108 1631 155 1689 65.
180 1630 213 1689 L
229 1630 401 1698 Mummius,
423 1632 482 1707 qni,
495 1628 677 1712 *Corintho*
683 1641 747 1707 capt
793 1639 881 1691 totam
896 1630 1011 1692 ltaliam
1021 1640 1062 1693 ta·

25 1720 26 1761 3
68 1704 146 1767 bulis
160 1708 319 1785 statuisque
338 1710 494 1777 exornavit,
512 1706 550 1767 ex
569 1710 654 1768 tantis
673 1727 764 1768 manu
783 1709 819 1767 iis
831 1709 908 1769 nihil
926 1710 959 1769 in
971 1726 1061 1770 suurn

25 1772 32 1799 ⁸
69 1804 158 1864 usum
170 1788 316 1863 convertit,
331 1787 370 1845 ita
383 1799 470 1868 uteo
484 1786 624 1856 defuncto,
646 1798 793 1851 nonesset
806 1786 901 1845 unde¹¹
923 1788 986 1864 ejus
999 1787 1061 1848 tilia

69 1858 337 1955 dotemf‘iccipe'ret‘*
362 1868 474 1929 'Quare
497 1878 613 1925 sanatus
631 1868 660 1927 ei
678 1886 715 1926 ex
728 1866 844 1945 publico
857 1864 953 1925 dotem
966 1866 1061 1927 decre·

68 1954 116 2004 rrt.
951 1954 955 1961 ’

108 2026 155 2082 66,
179 2023 276 2102 Scipio
289 2024 445 2083 Africanus
458 2023 570 2105 major¹¹
584 2022 677 2083 Ennii
690 2033 792 2101 poetae
804 2022 965 2101 imaginem
976 2024 1008 2084 in
1017 2041 1061 2085 sa·

67 2100 170 2178 pulcro
185 2103 280 2181 gentis
295 2102 469 2161 Corneliae¹³
482 2101 619 2162 collocari
629 2102 722 2179 jussit,
736 2101 814 2180 quod
827 2102 1000 2181 Scipionum
1011 2122 1059 2163 res

68 2190 165 2255 gestas
179 2182 357 2243 carminibus
371 2182 432 2241 suis
446 2181 646 2241 illustraverat.

109 2262 155 2320 67.
178 2261 219 2319 M.
251 2261 330 2332 Cato,
362 2262 480 2319 Catonis
509 2260 644 2319 Censorii
655 2260 756 2353 Ofilius,
783 2260 815 2352 in
836 2260 907 2331 acie,
936 2258 1059 2351 cadente

25 2404 27 2487 t
68 2338 499 2502 {ttrt'lfltlttmt
513 2338 1059 2496 ertmrlttltffi

53 2506 136 2571 [aaut
149 2498 326 2568 vulneribus,
341 2508 509 2577 recuperato
528 2497 647 2557 demum
660 2492 776 2576 gladid¹¹
789 2497 827 2557 ad
839 2516 910 2557 suos
922 2515 1059 2559 reversus

69 2584 116 2634 cst.

107 2656 153 2713 68.
172 2634 215 2718 O,
232 2655 368 2716 Metellus
383 2654 592 2715 Macedonicus
612 2655 644 2715 in
657 2654 804 2734 Hispania
815 2654 944 2746 quinque
956 2654 1058 2715 cohor·

25 2756 27 2807 p
70 2740 116 2802 tes,
139 2751 215 2810 quae
238 2734 368 2795 hostibus
389 2744 534 2793 cesserant
554 2744 755 2795 testamentum
776 2734 871 2793 faeere
893 2752 998 2811 jussas,
1018 2733 1057 2795 sd

70 2808 185 2871 locum¹⁵
198 2814 429 2891 recuperandum
443 2813 536 2893 misit;
558 2814 692 2885 minatus,
703 2814 774 2873 eos¹‘
784 2832 844 2874 non
856 2811 914 2874 nisi
926 2824 990 2892 post
999 2814 1057 2874 rie·

69 2890 170 2949 teriam
184 2903 332 2970 receptum
346 2893 391 2952 iri.
823 2945 826 2951 .

106 2972 152 3030 69.
177 2970 300 3031 Publius
317 2972 426 3031 Decius
449 2968 558 3041 comul,
599 2990 672 3031 uum
689 2972 721 3030 in
733 2970 810 3031 bello
823 2982 921 3031 contra
936 2972 1055 3031 Latinos

25 3072 26 3135 p
70 3046 270 3108 Romanorum
284 3051 378 3110 aciem
391 3049 539 3110 cedentem
552 2990 688 3120 viderem
706 3051 799 3128 capite
811 3070 864 3129 pro
878 3050 1055 3128 reipublicae

25 3138 26 3159 ¹
68 3124 158 3203 salute
172 3128 302 3197 devotml'
323 3130 354 3187 in
367 3130 498 3189 medium
519 3128 648 3189 hostium
668 3148 775 3205 agmen
798 3129 888 3199 irruit,
901 3141 929 3189 et
946 3149 1056 3208 magna

25 3228 26 3233 ¹
68 3214 163 3282 strage
177 3203 252 3267 edita
266 3206 401 3285 plurimis
422 3208 487 3267 telis
509 3210 624 3267 obrutus
646 3208 755 3267 cecidit.
798 3210 882 3269 Haec
896 3208 959 3286 ejus
975 3227 1055 3269 mors

67 3283 271 3345 Romanorum
284 3288 378 3347 aciem
391 3288 512 3347 restituit
526 3287 621 3364 iisque
634 3287 783 3346 victoriam
796 3288 913 3366 paravit.

106 3367 151 3423 70.
177 3366 209 3425 L.
226 3367 243 3424 J
245 3368 331 3425 unius
345 3368 464 3437 Brutus,
485 3366 536 3443 qui
550 3367 676 3425 Romam
689 3387 708 3425 a
721 3366 839 3443 regibus
852 3366 1011 3438 liberarit,¹¹
1023 3366 1056 3425 fi·

65 3438 119 3500 lios
134 3460 212 3512 suos,
235 3446 285 3523 qui
301 3446 496 3523 Tarquinium
510 3464 611 3522 regem
624 3444 779 3523 expulsum
799 3446 948 3504 restituere
960 3440 1055 3502 conati

65 3532 153 3594 erant,
169 3524 233 3601 ipse
245 3524 347 3603 capitis
361 3525 513 3596 damnavit,
529 3543 636 3602 eosque
648 3524 740 3602 virgis
753 3524 872 3585 caesos*
884 3521 980 3582 securi
991 3540 1055 3601 per·

63 3602 119 3659 cuti
137 3602 229 3660 'ussit

25 3696 35 3932 ι
102 3622 149 3743 71].
176 3681 217 3748 Oa
232 3682 363 3743 Marcius
378 3684 451 3758 Rex,
466 3680 576 3752 consul,
598 3699 691 3759 quum
713 3679 808 3739 filium
825 3676 954 3745 unicum·
972 3676 1053 3751 juw-
