2300 4059
90 24 131 91 w
289 20 342 92 Vl.
382 42 421 89 or
435 42 500 89 raa
516 39 712 88 oaooasrmr
726 41 791 88 aaa
805 40 871 89 raa

91 184 267 263 geribmque
274 183 399 243 munitas
408 204 467 243 non
476 184 588 245 habeut.
619 183 950 263 lpsasdomoaadbrere
976 225 981 234 .

33 290 37 299 ’
91 272 212 333 sunum,
222 283 281 322 nou
291 263 434 341 lapidibus
443 273 491 323 aut
501 263 637 324 lateribus
645 262 904 340 coctiasedlignis,
914 280 989 339 quae
1006 274 1054 314 “ts

90 340 175 401 dibus
188 352 294 418 tegunt.
332 342 411 402 Nam
421 340 471 401 diu
480 341 581 401 eodem
590 343 622 400 in
631 343 694 402 loco
704 344 813 401 morari
822 341 1017 419 periculosum
1029 358 1072 401 ar·
1146 409 1147 412 Ἴ

90 418 230 481 birrantur
244 420 371 480 libertati.

136 503 177 557 12.
200 498 406 576 Agriculturae
417 498 558 557 Germani
571 516 630 558 non
639 497 796 558 admodum
805 497 923 567 sudem
932 513 987 557 nec
997 498 1074 575 quis·

91 595 179 655 quam
199 577 264 653 agri
283 576 402 635 modum
422 588 532 636 certum
549 589 598 636 aut
618 578 689 636 fines
707 577 837 655 proprios
850 577 942 635 habet.
984 579 1074 637 Lacte

92 666 248 715 vescuntur
266 666 293 713 et
311 674 394 714 caseo
412 667 439 714 et
457 674 550 714 earne.
594 656 654 717 Ubi
667 656 737 725 fons,
751 674 871 733 campus
884 672 1023 715 nemusve
1036 655 1072 714 iia
1146 723 1147 730 ἵ

92 733 238 810 placuerit,
247 734 287 793 ibi
297 733 396 793 domos
405 735 506 811 figunt,
515 753 585 793 mox
593 734 651 794 alio
660 735 815 793 transituril
823 753 891 793 curn
900 734 1074 810 conjugibus

92 820 118 869 et
131 811 236 871 liberis.
281 812 428 872 Interdum
442 815 526 873 etiam
540 812 667 873 hiemem
681 813 712 871 in
724 814 916 874 subterraneis
929 812 1073 890 specubus

92 889 226 950 dicuntur
239 892 405 982 transigere„

136 972 178 1029 13.
201 970 433 1030 Germamaaltis
443 966 595 1039 montibus,
606 967 688 1030 silvia
701 967 912 1047 paludibusque
920 968 1000 1028 iuria
1012 968 1075 1028 red·
1147 1011 1148 1040 t

92 1044 174 1107 ditur.
218 1048 295 1107 Inter
308 1046 396 1105 silvas
416 1048 543 1107 maxima
557 1061 599 1107 est
612 1049 876 1127 Hercynia²cnjus
895 1047 1074 1109 latitudinem
1147 1063 1148 1066 ’

94 1126 201 1189 Caesar
214 1146 318 1185 novem
327 1124 441 1187 dierum
454 1127 506 1185 iter
519 1138 616 1205 patere
623 1129 739 1186 narrat³
769 1126 935 1204 Insequenti
947 1137 1074 1205 tempore
1147 1139 1148 1142 ’

92 1224 200 1282 magna
208 1224 274 1284 pars
284 1205 346 1283 ejus
356 1205 453 1263 excisa
463 1216 510 1265 eet.
542 1204 681 1265 Flumina
690 1216 758 1265 sunt
770 1204 971 1265 inGermauia
982 1205 1075 1266 multa

92 1294 119 1345 ct
132 1305 246 1362 magna.
289 1282 368 1343 Inter
380 1284 453 1345 haec
467 1284 660 1345 clarissimum
672 1303 778 1343 nornen
792 1283 1014 1361 Rhenidsquo
1027 1303 1075 1342 su·
1148 1277 1149 1360 i

92 1380 145 1441 prs
154 1363 288 1433 diximus,
299 1374 325 1421 et
341 1362 503 1423 Danubiis
528 1364 610 1423 Clari
623 1381 737 1439 quoque
749 1379 856 1431 amnes,
871 1362 1076 1431 Moenus,⁵Vi-

92 1441 320 1518 surgis,⁸Albis.²
362 1442 520 1511 Danubiu,
532 1442 663 1501 omnium
672 1442 809 1521 Europae
819 1442 975 1501 fluviorum
984 1440 1075 1501 maxi·

92 1538 165 1590 mus,
180 1519 256 1597 apud
270 1520 409 1579 Rhaetos⁸
421 1520 519 1588 oritur,
534 1520 666 1596 flexoque
679 1519 715 1578 ad
728 1532 825 1580 ortum
836 1520 907 1580 solis
919 1538 1017 1589 cursu,
1031 1539 1074 1579 re·
1148 1527 1149 1530 ’

92 1597 237 1675 ceptiaque
250 1598 400 1675 sexaginta
413 1596 553 1667 amnibus,
567 1599 599 1657 in
613 1599 740 1659 Pontum
756 1597 910 1659 Euxinum
922 1618 974 1658 sex
987 1598 1075 1661 vastia

92 1676 172 1736 ostiis
186 1676 347 1735 effimditur.
477 1696 480 1701 ·

136 1758 177 1814 14.
200 1754 381 1815 Britanniam
408 1752 535 1817 insulam
562 1756 759 1816 Phoenicibus
780 1754 944 1827 innotuime.
968 1773 1076 1833 eosque

92 1844 227 1893 marinum
247 1833 313 1893 iude
333 1845 359 1893 et
379 1832 530 1913 plumbum
549 1833 698 1912 pellesque
710 1836 850 1913 petivisse,
865 1834 1011 1913 probabile
1023 1846 1074 1895 est

93 1913 234 1975 Romanis
255 1933 320 1973 eam
339 1914 435 1974 Julius
450 1914 559 1973 Caesar
579 1914 691 1991 primus
710 1914 849 1992 aperuit;’
868 1934 961 1991 neque
977 1923 1077 1973 tamen

92 1993 173 2070 prius
187 1993 302 2071 cognita
315 2012 377 2051 esse
391 1990 488 2070 coepit,
503 2011 591 2069 quam
606 1992 729 2052 Claudio
744 1992 928 2070 imperante.¹⁰
969 1992 1077 2053 Hadri·

93 2090 166 2129 anus
193 2091 264 2140 eam,
291 2071 392 2133 muro¹¹
413 2072 450 2131 ab
474 2072 590 2131 Oceano
613 2071 790 2129 Germanico
816 2072 854 2130 ad
881 2070 1077 2132 Hiberuicum

93 2168 174 2209 mare
186 2148 279 2219 ducto,
293 2150 324 2208 in
338 2150 410 2209 duas
429 2160 523 2228 partes
536 2148 640 2217 divisit
654 2160 686 2210 ut
705 2150 870 2209 inferiorern
886 2150 1000 2211 insulae
1011 2169 1077 2229 par·

92 2238 157 2296 term
171 2247 246 2305 quae
260 2229 400 2288 Romanis
413 2229 534 2306 parebat
549 2250 566 2287 a
579 2228 767 2287 barbarorum
784 2230 965 2307 populorum,
978 2228 1031 2307 qui
1044 2228 1077 2292 in

94 2306 188 2365 Scotia
200 2304 370 2375 habitabant,
384 2306 597 2366 incursionibus
608 2317 742 2367 tueretur.

2 2446 18 2460 „
136 2388 178 2445 15.
202 2384 332 2445 Maxima
342 2384 455 2444 insulae
465 2404 531 2463 pars
541 2386 715 2464 campestris,
725 2384 1078 2465 collibuapassimsilris·

93 2481 150 2541 que
164 2460 300 2523 distincta.
344 2462 460 2522 Incolae
474 2463 576 2523 Gallos
596 2465 763 2542 proceritate
783 2484 935 2542 corporum
948 2466 1077 2536 vineant,

93 2551 220 2601 ceterum
233 2540 352 2618 ing‘euio
363 2541 458 2602 Gallis
468 2542 585 2611 similes,
596 2543 785 2621 simpliciores
793 2555 889 2602 tamen
898 2543 957 2604 illis
965 2543 1075 2620 magis·

93 2639 150 2697 que
162 2620 283 2680 barbari.
327 2622 456 2681 Nemora
469 2620 596 2679 habitant
608 2641 660 2699 pro
670 2622 797 2683 urbibus
840 2622 883 2681 lbi
896 2622 1015 2700 tuguria
1028 2642 1078 2681 ex·

94 2709 206 2759 struunt
228 2710 256 2760 et
277 2698 388 2759 stabula
409 2700 512 2778 pecori,
532 2699 583 2759 sed
604 2699 774 2777 plerumque
794 2700 832 2760 ad
849 2702 935 2761 breve
952 2713 1075 2778 tempus.

95 2778 283 2839 Humanitate
295 2779 397 2838 ceteris
410 2788 551 2856 praestant
565 2778 593 2845 ii,
605 2779 654 2855 qui
670 2780 826 2839 (brutium¹2
834 2779 969 2840 incolunt
999 2780 1078 2839 Tota

94 2856 166 2917 haec
180 2857 261 2934 regio
276 2868 317 2917 est
332 2858 480 2916 maritima.
524 2857 586 2918 uui
599 2858 764 2916 interiorem
777 2857 889 2917 insulae
901 2869 1013 2937 partem
1026 2858 1078 2917 ha·

94 2936 190 3007 bitant,
203 2937 346 2995 frumenta
358 2956 417 2995 non
430 2945 542 3013 serunt3
564 2937 676 2996 lacteat
691 2956 779 2996 carne
791 2935 897 2995 vivunt
940 2937 1001 2997 Pro
1013 2957 1078 2999 res·

95 3014 169 3075 tibus
183 3014 275 3074 induti
288 3024 353 3075 sunt
402 3014 496 3075 llibus.
1068 3043 1072 3051 ¹

138 3096 179 3153 16.
201 3093 285 3153 Italia
293 3093 366 3152 abA
378 3093 462 3171 pibus
471 3112 562 3171 usque
570 3093 606 3153 ad
616 3094 718 3153 fretum
727 3092 859 3154 Siculum
866 3094 1026 3172 porrigitur
1034 3095 1078 3154 in·

94 3180 135 3230 ter
155 3190 236 3231 mare
254 3173 384 3231 Tuscum
402 3182 429 3232 et
446 3172 634 3233 Adriaticum.
676 3171 770 3232 Multo
790 3173 905 3249 longior
925 3185 967 3233 est
986 3192 1078 3250 quarn

19 3314 22 3321 ,
95 3248 206 3311 letior.1⁸
247 3251 283 3313 Iu
295 3251 390 3311 medio
404 3271 435 3310 sc
448 3250 547 3310 attollit
561 3251 734 3328 Apenninus
747 3270 838 3321 mons,
852 3251 910 3328 qui,
924 3262 1078 3329 postquam

95 3328 248 3387 continenti
255 3329 327 3405 jugo
337 3349 507 3409 progressus
516 3340 557 3387 eat
567 3349 659 3407 usque
667 3329 704 3388 ad
715 3330 861 3407 Apuliam,
871 3330 901 3388 in
911 3330 983 3389 duos
990 3329 1078 3407 quasi

96 3407 356 3469 ramos¹⁴diriditur
378 3408 1019 3485 Nobilissimaregioobsertilitatemsoli,coeli
1038 3430 1079 3471 ue

96 3486 295 3547 salubritatem.
340 3490 440 3549 Quum
451 3486 538 3562 longe
547 3488 579 3546 in
588 3506 668 3546 mare
677 3498 831 3566 procurrat,
841 3488 1032 3566 plurimosha

96 3575 202 3642 portus,
215 3564 389 3645 populorum
400 3566 474 3624 inter
487 3576 658 3641 separantes
671 3568 852 3627 commercio.
894 3566 1001 3643 Neque
1014 3565 1080 3628 ulla
