2300 4059
351 124 556 171 ΙΑΒῑΜΙῦΙ
570 126 745 173 unm!-

185 343 448 422 nxrnrnngn
460 347 637 406 umus
679 346 787 428 (tuan
800 318 855 407 im
870 347 911 423 a)

96 501 225 581 Imperio
237 482 379 581 suscepto,
395 505 488 581 prima
502 472 671 564 alexandro
685 486 755 563 c'ura
768 518 952 583 paternarum
965 520 1044 565 erse-

51 582 194 658 quietum
199 581 273 658 t'uit3
295 582 326 639 in
339 583 444 659 quibus
456 595 522 648 aute
534 583 633 643 omnia
646 582 742 642 caedis
756 584 887 643 conscios
900 582 938 643 ad
950 595 1044 643 tumu·
1140 658 1141 663 η

52 660 118 719 lum
132 659 220 737 patris
233 660 327 719 occidi
335 663 428 739 jussit
471 664 549 721 inter
563 662 743 739 initia'regni
761 663 866 721 multas
887 674 987 740 gentes
1001 681 1044 721 re·

49 738 193 799 bellantes
206 741 397 817 compescuit;
426 742 548 799 orientes
561 742 717 801 nonnullas
734 741 886 801 seditiones
900 740 1041 803 exstinxit.

51 818 229 877 Inchoatum
242 817 346 878 deinde
359 840 377 877 a
390 834 469 897 patre
483 820 637 879 Persic-um
657 821 764 880 bellum
786 818 962 897 aggreditur.
1007 821 1042 879 ln

48 897 137 973 cujus
149 909 290 975 apparatu
309 898 462 967 nuntietur,
482 898 676 959 Athenienses
694 911 721 957 et
739 899 894 959 Thebanos
908 896 943 958 ab
957 919 992 957 eo
1005 896 1043 959 ad

50 974 164 1035 Persas
192 976 336 1045 defecisse,
366 990 569 1055 auctoremque
598 978 661 1054 ejus
687 974 851 1037 delectionis
875 976 1043 1037 Demosthe·

48 1074 123 1114 nem
135 1066 277 1113 oratorem
291 1053 447 1132 exstitisse;
470 1056 520 1134 qui
538 1076 639 1115 omnes
654 1056 847 1117 Macedonum
868 1056 965 1135 copias
983 1076 1043 1117 una

47 1154 207 1211 cumrege
220 1154 239 1191 a
254 1133 394 1193 Triballis
418 1134 525 1195 deletas
539 1154 603 1194 esse
616 1134 808 1195 affirmaverit.
853 1138 922 1199 Qua
935 1134 1044 1213 opiniu-

46 1213 100 1271 ne²
113 1224 237 1272 mutatos
250 1211 382 1273 omnium
395 1212 485 1273 ferme
506 1212 655 1273 civitatum
674 1215 786 1273 animos
800 1235 877 1293 esse3
899 1213 1043 1295 praesidia

48 1291 252 1353 Macedonum
264 1290 395 1352 obsideri
428 1336 431 1339 -

93 1472 139 1530 16.
161 1472 333 1531 Almader
346 1472 673 1632 θνκῖἵὶἑίιίζαὲἷπὲης
688 1473 859 1533 meditantes
872 1480 988 1535 cedrea.

89 1707 154 1769 His
165 1707 290 1766 motibus
303 1725 478 1771 occursurus
491 1728 606 1769 summa
620 1708 764 1771 celeritate
777 1710 808 1769 in
823 1708 979 1769 Graeciam
996 1728 1042 1787 po

44 1786 181 1846 netrevit
233 1787 434 1855 Athenienses.
464 1789 549 1848 sicuti
569 1788 656 1867 primi
685 1789 852 1856 deiecerant,
874 1789 913 1848 ita
932 1788 1042 1866 primus

42 1864 169 1925 consilii
188 1866 332 1942 poenitere
352 1870 452 1945 coepit,
467 1867 622 1944 missisque
644 1868 745 1944 legatis
764 1866 874 1927 bellum
887 1866 1041 1944 deprecan-

42 1954 103 2003 tur.
159 1945 276 2007 Quibus
288 1945 393 2004 auditis
406 1958 434 2005 et
447 1947 573 2026 graviter
586 1946 739 2025 increpatis
753 1945 918 2007 Alexander
931 1944 1039 2007 bellun

44 2024 183 2082 remisit⁸
232 2023 304 2084 Inde
325 2025 443 2086 Thebas
463 2026 621 2086 exercitum
641 2026 786 2092 'convertit
817 2024 918 2085 eadem
947 2023 1041 2085 indul

44 2102 149 2179 gentis
161 2122 277 2170 usurus,
291 2104 426 2182 siparem
438 2105 642 2182 poententiam
652 2104 813 2163 invenisset.
849 2102 911 2163 -Sed
927 2102 1042 2163 Thelse—

42 2181 77 2239 ni
99 2180 200 2249 armis.
221 2202 280 2241 nen
300 2183 441 2261 precibus,
469 2184 514 2242 usi
535 2195 608 2242 sunt
661 2185 760 2259 Itaque
780 2183 848 2242 victi
868 2181 1042 2260 gravissime

62 2278 184 2337 unque
196 2262 339 2339 supplicia
352 2262 533 2322 miserrimae
546 2261 714 2339 captivitatis
728 2262 836 2339 experti
850 2272 923 2319 sunt.
960 2259 1040 2319 Urbs

41 2279 184 2407 diruitur,
204 2341 269 2420 agri
289 2340 363 2405 inter
384 2338 506 2408 victores
525 2340 707 2416 dividuntu13
734 2338 839 2431 captiti
859 2339 912 2397 sub
933 2354 1041 2397 corona

40 2417 220 2478 venduntur.
263 2418 431 2479 Miseranda
445 2440 491 2480 res
510 2418 738 2480 Atheniensibus
752 2436 820 2477 visa.
865 2419 964 2494 Inque
977 2436 1041 2495 pro-

40 2498 137 2576 t'ugos
152 2507 250 2558 contra
268 2499 451 2559 interdictum
472 2499 550 2577 regis
571 2498 647 2577 apud
668 2517 700 2557 se
721 2516 786 2557 rece
823 2508 896 2557 nint.
940 2498 1040 2559 Quam

40 2596 112 2636 rem
134 2578 174 2635 ita
188 2578 314 2653 graviter
334 2578 403 2656 tulit
413 2576 587 2645 Alexander,
602 2588 632 2636 ut
646 2576 772 2635 secunda
798 2575 933 2651 egatione
943 2572 1039 2633 denuo

40 2654 160 2716 bellum
181 2654 455 2733 deprecantibusita
468 2654 591 2715 demum
612 2657 772 2731 remitteret,
801 2665 831 2711 ut
859 2664 985 2714 oratores
1012 2662 1040 2711 et

40 2736 146 2800 duces.
162 2753 284 2810 quorum
299 2735 403 2793 fiducia
418 2736 499 2795 toties
513 2734 691 2801 rebellarent,
703 2731 757 2790 sibi
771 2728 947 2789 dederentur.
978 2730 1040 2791 Res

39 2836 77 2874 eo
94 2811 218 2889 deducta
235 2825 283 2881 est,
298 2824 336 2882 ut,
360 2814 474 2872 retentis
488 2814 654 2878 oratoribus.
679 2809 766 2868 duces
780 2810 810 2867 in
825 2808 958 2867 exsilium
971 2830 1040 2887 age·

38 2902 163 2967 rentur;
185 2892 235 2968 qni
257 2913 293 2949 ex
314 2892 481 2951 cbntincnti⁵
492 2892 529 2950 ad
545 2890 668 2949 Dorium
684 2887 808 2967 profecti,
823 2907 881 2946 non
894 2886 1039 2949 mediocre=

38 2981 229 3031 momentum
244 2972 402 3034 Persarum
417 2968 526 3030 viribus
540 2988 694 3029 accessere.

155 3108 197 3186 lt.
219 3127 373 3219 Persicum
389 3130 491 3217 bellurn
506 3112 694 3219 aggreditur.
730 3126 812 3208 (Just
829 3124 883 3185 ΧῙ·
901 3124 963 3213 5·),
1024 3203 1030 3220 ,,
1144 3132 1145 3135 ¹

54 3349 57 3353 ,
83 3289 158 3354 Jarn
176 3285 213 3344 ad
234 3285 387 3357 Persicum
405 3286 515 3345 bellum
529 3285 721 3362 proficiscens]
772 3282 938 3341 trimonium
953 3300 1038 3341 omns

37 3384 147 3433 mum,
167 3364 245 3441 quod
258 3362 288 3422 in
302 3364 474 3426 Macedonia
487 3376 514 3423 et
527 3363 735 3441 Europahsbe
770 3374 788 3429 t,
810 3361 912 3419 amicis
926 3358 1036 3418 divisit:

39 3449 107 3507 sibi
115 3447 220 3510 Asiam
231 3445 352 3518 sufficere
362 3444 523 3520 praefatus.¹
565 3444 629 3501 Nec
644 3440 781 3511 exercitui
790 3440 866 3499 alius
875 3458 964 3515 quarn
974 3436 1039 3515 regi

36 3522 235 3597 animnssuit.
256 3534 259 3539 “
280 3522 398 3599 Quippe
408 3541 508 3597 omnes
517 3520 597 3581 obliti
607 3522 766 3601 coniugum
774 3518 997 3593 liberorumque,
1011 3524 1039 3577 et

35 3602 230 3679 longinquae
237 3620 256 3661 a
264 3600 349 3660 domn
359 3601 486 3669 militine,
496 3602 569 3660 nihil
585 3600 641 3658 nisi
652 3596 780 3658 Orientis
788 3617 856 3673 opes
867 3595 1036 3672 cogitabant

39 3686 156 3747 Quum
171 3680 257 3739 delati
271 3680 301 3737 in
316 3680 419 3739 Asiam
432 3676 533 3746 essent,
546 3678 659 3757 primus
673 3676 839 3759 Menander
849 3672 1039 3763 jaculnmssns'·

37 3763 87 3824 lut
103 3761 137 3820 in
151 3758 286 3819 hostilem
294 3769 401 3819 terram
410 3758 491 3837 jecit3
513 3768 697 3835 armatusque
707 3754 818 3814 denari
825 3750 1039 3830 tripudiarunt*
