2300 4059
337 124 730 175 nrornonurrrrrrrrrurt.
988 106 1034 167 59²

41 367 92 427 66.
107 363 290 441 Antiochum,
302 316 484 424 Hannibalis
492 362 622 423 seruitiis
630 362 771 437 adjutum,
782 360 912 422 Romani
920 378 1029 439 eggre-

258 444 387 503 diuaturr
429 442 543 519 (tostin.
559 440 678 501 XXXI.
698 445 760 511 1,2.
776 440 816 519 4.)

86 620 201 679 lnterea
219 618 391 687 Antiochus,
406 637 458 677 rex
471 615 582 697 Syriae,
593 619 762 697 Aegyptum
772 636 913 695 occupare
925 616 1027 677 statuit

43 700 150 775 Itaque
171 698 346 768 Phoenicen,
361 692 578 773 caeterasqueS
600 696 661 755 riae
677 695 801 773 qnidam,
815 694 867 756 sed
883 696 958 775 juris
973 700 1035 756 Ae·

42 778 130 856 gypti
143 776 277 847 civitates,
298 797 389 855 quum
410 777 566 844 invasisset,
579 718 691 852 legatos
704 776 741 835 ad
761 795 829 833 eum
846 776 968 835 Senatus
979 774 1030 833 mi·

42 857 89 924 sit,
111 856 162 933 qui
182 855 380 929 denuntiarent
394 855 427 923 ei,
448 854 608 915 abstineret¹
630 874 720 930 regno
734 852 839 933 pupilli
859 853 959 933 populi
973 854 1030 914 Ro·

42 934 135 1003 mani,
156 935 306 1012 postremis
327 934 415 1013 patris
436 933 568 1012 precibus
592 930 658 991 fidei
679 952 749 993 sune
768 932 869 994 traditi.
914 934 1030 995 Quibus

42 1013 158 1091 spretis,
167 1012 278 1072 bellurn
292 1014 319 1071 ei
340 1012 537 1073 denuntiatum
557 1023 614 1070 est·
648 1011 761 1071 Eodem
780 1022 907 1090 tempore
930 1012 1031 1083 Nabis,

44 1092 346 1151 lacedaemoniorum
365 1105 513 1170 tyrannus,
527 1088 633 1149 multas
649 1091 792 1151 Graeciae
809 1092 935 1151 civitates
949 1112 1036 1151 occu-.

42 1182 170 1249 paverat.
214 1171 307 1247 Igitur
321 1174 450 1238 Senatus,
465 1190 502 1228 ne
522 1189 581 1228 uno
601 1180 730 1247 ternpore
750 1168 857 1247 duplici
876 1169 954 1232 bello
975 1173 1032 1229 Ro·
1076 1168 1081 1176 ’

41 1270 151 1309 manae
160 1249 237 1308 vires
251 1248 460 1323 distinerentur,
471 1248 595 1325 scripsit⁹
609 1248 789 1318 Flaminino·
798 1249 824 1307 si
837 1250 865 1308 ei
880 1249 1031 1319 videretur,

42 1328 132 1388 sicuti
154 1327 356 1388 Macedoniarn
369 1348 388 1387 a
408 1326 552 1404 Philippo,
567 1327 607 1384 ita
621 1326 776 1387 Graeciam
790 1348 808 1385 a
830 1328 946 1387 Nabide
965 1324 1034 1388 libe·

42 1418 130 1466 reret.
173 1406 318 1467 Terribile
330 1407 436 1499 quippe
449 1405 588 1466 Antiochi
608 1404 718 1465 bellurn
731 1426 837 1465 nornen
857 1404 1033 1467 Hannibalis

42 1486 120 1554 iecit,
135 1506 222 1562 quem
235 1486 344 1545 aemuli
358 1486 420 1561 ejus
433 1504 501 1544 cum
517 1482 659 1543 Antiocho
673 1484 763 1544 inlsse
776 1486 940 1545 societatem
956 1506 975 1543 a
994 1484 1034 1545 ud

44 1567 198 1625 Romanos
211 1564 441 1623 criminabantur.
486 1563 547 1625 Qui
560 1583 652 1641 quum
665 1563 720 1625 sibi
734 1584 751 1623 a
762 1564 902 1623 Romanis
912 1505 1034 1625 insidias

44 1644 121 1702 strui
133 1643 325 1713 intellexisset,
335 1642 412 1701 clam
421 1663 495 1701 nare
504 1661 668 1710 conscensa,
679 1662 798 1701 cursum
807 1642 844 1701 ad
854 1643 1034 1703 Antiochum

45 1722 162 1782 direxit.
204 1722 254 1781 Ad
267 1721 345 1781 hunc
360 1741 450 1799 quum
459 1721 643 1799 pervenisset,
658 1722 779 1799 negabat
793 1723 918 1801 opprimi
928 1724 1035 1782 Boma-

42 1820 101 1860 nos
114 1802 172 1859 nisi
186 1800 217 1858 in
232 1799 315 1859 Italia
328 1818 419 1877 posse.
459 1798 556 1876 Cujus
569 1796 691 1859 consilia
704 1819 795 1876 quum
803 1802 867 1876 regi
880 1800 1033 1877 placerent,

44 1879 177 1939 Romani
190 1878 227 1937 ad
240 1879 420 1938 Antiochum
434 1877 544 1955 legatos
556 1877 669 1945 misere,
678 1878 728 1954 qui
738 1890 765 1937 et
779 1879 857 1957 regis
865 1891 1035 1956 apparatum

44 1955 273 2037 specularentur,
291 1968 319 2015 et
340 1954 537 2017 Hannibalern
557 1955 674 2015 assiduo
695 1954 849 2033 colloqui0³
869 1967 1035 2035 suspectum

44 2038 233 2114 invisumque
246 2035 400 2095 redderent.
443 2036 503 2095 Hic
514 2034 597 2094 dolus
611 2036 683 2095 bene
697 2032 755 2093 illis
769 2034 913 2095 successit.
944 2036 1036 2113 Quip-

43 2137 84 2194 pe
97 2113 261 2177 Antiochus
275 2115 489 2173 reconciliatam
502 2114 565 2190 ejus
578 2132 646 2173 curn
661 2114 802 2173 Romanis
817 2114 949 2191 gratiani⁴
962 2116 1036 2175 exis·

43 2197 161 2265 timens,
177 2214 245 2253 enm
257 2192 345 2253 veluti
359 2192 471 2265 hostem
483 2192 714 2271 proditoremque
727 2194 773 2253 sui
787 2194 883 2253 odisse
895 2196 994 2273 coepit
1039 2236 1040 2243 κ

122 2374 169 2431 67.
191 2371 271 2434 Earn
280 2324 655 2451 puguanuvolisrperont.
697 2362 780 2455 (Just.
795 2335 913 2433 XXXi
929 2373 970 2451 a)
1001 2430 1004 2437 ,

92 2549 174 2608 Dum
194 2547 284 2625 igitur
305 2547 476 2616 Antiochus,
490 2546 563 2607 falsa
584 2549 748 2627 suspicione
762 2548 905 2627 decepms,
919 2570 1036 2611 omnem

45 2626 120 2687 belli
133 2638 303 2705 apparatum
314 2638 422 2685 temere
432 2638 459 2684 et
471 2626 653 2703 negligenter
666 2628 734 2705 agit,
749 2628 873 2697 Acilius,
884 2630 1037 2689 Romanus

46 2705 162 2774 consul,
176 2707 274 2766 omnia
293 2703 369 2778 bello
381 2704 544 2765 necessaria
557 2725 675 2783 summa
692 2706 832 2766 industria
852 2718 937 2783 paret.
981 2709 1037 2767 Its·

47 2784 221 2865 qne-primu
233 2784 303 2845 belli
323 2784 537 2861 congressione⁵
551 2786 708 2845 restrictus
722 2797 748 2844 et
761 2786 877 2863 firgatus
890 2784 1037 2845 castra‘di·

46 2864 88 2923 tia
98 2862 257 2924 victoribus
271 2862 395 2939 reliquit¹
435 2862 551 2921 Deinde
562 2882 654 2940 quum
668 2865 698 2923 in
712 2863 815 2923 Asiam
828 2863 966 2941 fugiendo
975 2884 1037 2943 per·

46 2943 183 3012 venisset,
210 2942 355 3021 poenitere
374 2941 499 3020 neglecti
528 2942 642 3001 consilii
671 2942 771 3021 coepit
792 2953 978 3021 revocatoque
1004 2946 1037 3005 iu

46 3021 209 3081 amicitiam
230 3018 403 3089 Hannibale
418 3020 516 3079 omnia
528 3041 565 3079 ex
585 3022 723 3081 sententia
743 3020 805 3097 ejus
826 3042 921 3101 ugera.
965 3024 1038 3085 Inte·

47 3101 108 3159 rim
130 3100 286 3168 nuntiatur,
308 3099 478 3172 Aemilium,
500 3101 668 3165 Romanurn
680 3100 791 3170 ducem,
806 3121 876 3161 curn.
894 3102 1038 3179 octoginta

47 3178 180 3238 rostratis
199 3178 321 3239 navibus
340 3178 500 3237 adventare.
544 3180 651 3256 Itaque,
672 3181 841 3257 priusquam
861 3181 956 3239 sociae
969 3178 1038 3243 ciri·

47 3269 122 3317 tates
141 3256 179 3317 nd
200 3256 296 3317 hostes
324 3254 482 3327 deficerent,
511 3256 664 3319 decernere
685 3258 782 3319 navali
804 3258 915 3337 proelio
934 3260 1037 3331 statuit,

48 3356 173 3414 sperans
203 3333 315 3395 cladem
345 3335 375 3394 in
397 3335 524 3395 Graecia
543 3349 690 3415 acceptam
710 3359 785 3397 nova
815 3358 898 3416 posse
919 3338 1038 3399 victoria

48 3413 170 3475 aboleri.
213 3415 333 3475 Tradita
345 3414 434 3491 igitur
449 3414 610 3475 Hannibali
620 3418 719 3489 classe,
733 3414 876 3492 proelium
890 3416 1039 3479 commini-

48 3494 119 3554 tur.⁸
159 3492 216 3553 Sed
236 3514 290 3553 noc
304 3493 409 3553 Asiani
429 3492 536 3555 milites
555 3494 706 3565 Romanis,
721 3515 814 3572 neque
834 3514 923 3553 naves
936 3514 1038 3555 eorum

49 3574 286 3717 paioe‘wfii'mtis
305 3572 428 3636 natibus
448 3573 581 3653 suerunt3
608 3575 704 3634 minor
723 3585 819 3635 tamen
839 3572 935 3633 clades
956 3573 1039 3637 ducis

50 3672 84 3715 so
97 3663 171 3713 ertia
216 3664 243 3714 rt.
830 3668 833 3675 ⁴
