<?xml version="1.0" encoding="UTF-8"?>
<!DOCTYPE html PUBLIC "-//W3C//DTD XHTML 1.0 Transitional//EN"
    "http://www.w3.org/TR/xhtml1/DTD/xhtml1-transitional.dtd">
<html xmlns="http://www.w3.org/1999/xhtml" xml:lang="en" lang="en">
 <head>
  <title>
</title>
<meta http-equiv="Content-Type" content="text/html;charset=utf-8" />
  <meta name='ocr-system' content='tesseract 3.04.00' />
  <meta name='ocr-capabilities' content='ocr_page ocr_carea ocr_par ocr_line ocrx_word'/>
</head>
<body>
  <div class='ocr_page' id='page_1' title='image "./latinreader01drgoog/latinreader01drgoog_0299.png"; bbox 0 0 2300 4059; ppageno 0'>
   <div class='ocr_carea' id='block_1_1' title="bbox 203 71 1039 139">
    <p class='ocr_par' dir='ltr' id='par_1_1' title="bbox 203 71 1039 139">
     <span class='ocr_line' id='line_1_1' title="bbox 203 71 1039 139; baseline -0.001 -1"><span class='ocrx_word' id='word_1_1' title='bbox 203 92 326 138; x_wconf 76' lang='lat' dir='ltr'>anam</span> <span class='ocrx_word' id='word_1_2' title='bbox 340 92 549 137; x_wconf 67' lang='lat' dir='ltr'>marmanios</span> <span class='ocrx_word' id='word_1_3' title='bbox 563 92 642 137; x_wconf 77' lang='lat' dir='ltr'>vrrs</span> <span class='ocrx_word' id='word_1_4' title='bbox 656 92 890 139; x_wconf 67' lang='lat' dir='ltr'>nuenarianae</span> <span class='ocrx_word' id='word_1_5' title='bbox 1000 71 1039 137; x_wconf 70' lang='lat'>88</span> 
     </span>
    </p>
   </div>
   <div class='ocr_carea' id='block_1_2' title="bbox 51 225 1040 392">
    <p class='ocr_par' dir='ltr' id='par_1_2' title="bbox 51 225 1040 392">
     <span class='ocr_line' id='line_1_2' title="bbox 51 225 1040 324; baseline 0.002 -31"><span class='ocrx_word' id='word_1_6' title='bbox 51 230 157 311; x_wconf 77' lang='lat' dir='ltr'>gloria,</span> <span class='ocrx_word' id='word_1_7' title='bbox 173 242 201 294; x_wconf 90' lang='lat' dir='ltr'>et</span> <span class='ocrx_word' id='word_1_8' title='bbox 213 225 247 293; x_wconf 77' lang='lat' dir='ltr'>eo</span> <span class='ocrx_word' id='word_1_9' title='bbox 259 233 356 324; x_wconf 77' lang='lat' dir='ltr'>magis</span> <span class='ocrx_word' id='word_1_10' title='bbox 375 232 414 293; x_wconf 84' lang='lat' dir='ltr'>sd</span> <span class='ocrx_word' id='word_1_11' title='bbox 433 253 563 295; x_wconf 86' lang='lat' dir='ltr'>summos</span> <span class='ocrx_word' id='word_1_12' title='bbox 576 234 702 295; x_wconf 83' lang='lat' dir='ltr'>honoras</span> <span class='ocrx_word' id='word_1_13' title='bbox 722 232 938 322; x_wconf 62' lang='lat' dir='ltr'>cepasquendos</span> <span class='ocrx_word' id='word_1_14' title='bbox 951 230 1040 295; x_wconf 78' lang='lat' dir='ltr'>riaei</span> 
     </span>
     <span class='ocr_line' id='line_1_3' title="bbox 51 323 846 392; baseline 0.005 -22"><span class='ocrx_word' id='word_1_15' title='bbox 51 324 153 392; x_wconf 81' lang='lat' dir='ltr'>apertu</span> <span class='ocrx_word' id='word_1_16' title='bbox 163 324 249 391; x_wconf 87' lang='lat' dir='ltr'>atque</span> <span class='ocrx_word' id='word_1_17' title='bbox 261 324 373 373; x_wconf 78' lang='lat' dir='ltr'>munita</span> <span class='ocrx_word' id='word_1_18' title='bbox 385 323 435 373; x_wconf 82' lang='lat' dir='ltr'>est</span> <span class='ocrx_word' id='word_1_19' title='bbox 721 365 743 375; x_wconf 88' lang='grc'>,,</span> <span class='ocrx_word' id='word_1_20' title='bbox 777 343 782 370; x_wconf 75' lang='grc' dir='ltr'>ι</span> <span class='ocrx_word' id='word_1_21' title='bbox 845 346 846 349; x_wconf 36' lang='lat'>¹</span> 
     </span>
    </p>
   </div>
   <div class='ocr_carea' id='block_1_3' title="bbox 247 495 788 594">
    <p class='ocr_par' dir='ltr' id='par_1_3' title="bbox 247 495 788 594">
     <span class='ocr_line' id='line_1_4' title="bbox 247 495 788 594; baseline -0.009 -16"><span class='ocrx_word' id='word_1_22' title='bbox 247 588 252 594; x_wconf 26' lang='grc' dir='ltr'>Ι</span> <span class='ocrx_word' id='word_1_23' title='bbox 275 536 278 542; x_wconf 70' lang='grc'><em>’</em></span> <span class='ocrx_word' id='word_1_24' title='bbox 294 514 327 574; x_wconf 83' lang='grc'>’9.</span> <span class='ocrx_word' id='word_1_25' title='bbox 351 512 454 589; x_wconf 74' lang='lat' dir='ltr'>Oioero</span> <span class='ocrx_word' id='word_1_26' title='bbox 469 513 613 585; x_wconf 71' lang='lat' dir='ltr'>Quaestor</span> <span class='ocrx_word' id='word_1_27' title='bbox 626 514 659 573; x_wconf 80' lang='lat' dir='ltr'>in</span> <span class='ocrx_word' id='word_1_28' title='bbox 673 495 788 575; x_wconf 69' lang='lat' dir='ltr'>Sicilia.</span> 
     </span>
    </p>
   </div>
   <div class='ocr_carea' id='block_1_4' title="bbox 42 680 1045 2024">
    <p class='ocr_par' dir='ltr' id='par_1_4' title="bbox 42 680 1045 2024">
     <span class='ocr_line' id='line_1_5' title="bbox 68 680 1039 772; baseline -0.003 -23"><span class='ocrx_word' id='word_1_29' title='bbox 68 754 72 772; x_wconf 71' lang='lat'>,</span> <span class='ocrx_word' id='word_1_30' title='bbox 92 687 197 749; x_wconf 77' lang='lat' dir='ltr'>Quum</span> <span class='ocrx_word' id='word_1_31' title='bbox 211 685 315 747; x_wconf 84' lang='lat' dir='ltr'>Cicero</span> <span class='ocrx_word' id='word_1_32' title='bbox 335 686 518 764; x_wconf 85' lang='lat' dir='ltr'>trigesimum</span> <span class='ocrx_word' id='word_1_33' title='bbox 536 686 664 765; x_wconf 83' lang='lat' dir='ltr'>primurn</span> <span class='ocrx_word' id='word_1_34' title='bbox 685 686 783 747; x_wconf 86' lang='lat' dir='ltr'>aetatis</span> <span class='ocrx_word' id='word_1_35' title='bbox 802 680 912 745; x_wconf 81' lang='lat' dir='ltr'>annum</span> <span class='ocrx_word' id='word_1_36' title='bbox 932 696 1039 765; x_wconf 82' lang='lat' dir='ltr'>ageret,</span> 
     </span>
     <span class='ocr_line' id='line_1_6' title="bbox 48 763 1040 845; baseline 0.002 -22"><span class='ocrx_word' id='word_1_37' title='bbox 48 783 107 841; x_wconf 88' lang='lat' dir='ltr'>quo</span> <span class='ocrx_word' id='word_1_38' title='bbox 121 785 200 837; x_wconf 87' lang='lat' dir='ltr'>anno</span> <span class='ocrx_word' id='word_1_39' title='bbox 208 764 367 825; x_wconf 87' lang='lat' dir='ltr'>secundum</span> <span class='ocrx_word' id='word_1_40' title='bbox 382 766 463 842; x_wconf 84' lang='lat' dir='ltr'>leges</span> <span class='ocrx_word' id='word_1_41' title='bbox 474 767 623 826; x_wconf 90' lang='lat' dir='ltr'>Romanas</span> <span class='ocrx_word' id='word_1_42' title='bbox 636 765 876 844; x_wconf 83' lang='lat' dir='ltr'>magistratumei</span> <span class='ocrx_word' id='word_1_43' title='bbox 889 763 1040 845; x_wconf 75' lang='lat' dir='ltr'>capessere</span> 
     </span>
     <span class='ocr_line' id='line_1_7' title="bbox 50 842 1039 923; baseline 0.002 -22"><span class='ocrx_word' id='word_1_44' title='bbox 50 842 162 913; x_wconf 83' lang='lat' dir='ltr'>licebat,</span> <span class='ocrx_word' id='word_1_45' title='bbox 176 845 215 920; x_wconf 76' lang='lat' dir='ltr'>ab</span> <span class='ocrx_word' id='word_1_46' title='bbox 226 845 360 920; x_wconf 84' lang='lat' dir='ltr'>omnibus</span> <span class='ocrx_word' id='word_1_47' title='bbox 372 846 503 905; x_wconf 81' lang='lat' dir='ltr'>tribubus</span> <span class='ocrx_word' id='word_1_48' title='bbox 524 845 588 905; x_wconf 87' lang='lat' dir='ltr'>sinc</span> <span class='ocrx_word' id='word_1_49' title='bbox 608 844 669 904; x_wconf 89' lang='lat' dir='ltr'>nlla</span> <span class='ocrx_word' id='word_1_50' title='bbox 683 845 890 923; x_wconf 84' lang='lat' dir='ltr'>suffragiorum</span> <span class='ocrx_word' id='word_1_51' title='bbox 903 846 1039 904; x_wconf 88' lang='lat' dir='ltr'>varietate</span> 
     </span>
     <span class='ocr_line' id='line_1_8' title="bbox 50 923 1039 1002; baseline -0.003 -17"><span class='ocrx_word' id='word_1_52' title='bbox 50 925 199 985; x_wconf 79' lang='lat' dir='ltr'><strong>Quaestor</strong></span> <span class='ocrx_word' id='word_1_53' title='bbox 217 936 330 983; x_wconf 84' lang='lat' dir='ltr'>creatus</span> <span class='ocrx_word' id='word_1_54' title='bbox 350 934 398 982; x_wconf 81' lang='lat' dir='ltr'>est</span> <span class='ocrx_word' id='word_1_55' title='bbox 439 926 585 983; x_wconf 73' lang='lat' dir='ltr'>Jamrero</span> <span class='ocrx_word' id='word_1_56' title='bbox 599 943 689 1002; x_wconf 90' lang='lat' dir='ltr'>quum</span> <span class='ocrx_word' id='word_1_57' title='bbox 702 926 790 983; x_wconf 87' lang='lat' dir='ltr'>creati</span> <span class='ocrx_word' id='word_1_58' title='bbox 807 926 982 987; x_wconf 79' lang='lat' dir='ltr'>Quaestores</span> <span class='ocrx_word' id='word_1_59' title='bbox 1003 923 1039 983; x_wconf 92' lang='lat' dir='ltr'>de</span> 
     </span>
     <span class='ocr_line' id='line_1_9' title="bbox 46 1000 1040 1081; baseline 0.002 -22"><span class='ocrx_word' id='word_1_60' title='bbox 46 1002 207 1080; x_wconf 76' lang='lat' dir='ltr'>provincia,</span> <span class='ocrx_word' id='word_1_61' title='bbox 228 1022 316 1081; x_wconf 86' lang='lat' dir='ltr'>quam</span> <span class='ocrx_word' id='word_1_62' title='bbox 329 1002 451 1079; x_wconf 87' lang='lat' dir='ltr'>quisque</span> <span class='ocrx_word' id='word_1_63' title='bbox 471 1000 690 1071; x_wconf 78' lang='lat' dir='ltr'>administraret,</span> <span class='ocrx_word' id='word_1_64' title='bbox 705 1003 800 1062; x_wconf 90' lang='lat' dir='ltr'>sortiri</span> <span class='ocrx_word' id='word_1_65' title='bbox 814 1001 945 1071; x_wconf 86' lang='lat' dir='ltr'>solerent,</span> <span class='ocrx_word' id='word_1_66' title='bbox 960 1002 1040 1061; x_wconf 85' lang='lat' dir='ltr'>sorti·</span> 
     </span>
     <span class='ocr_line' id='line_1_10' title="bbox 45 1080 1040 1159; baseline 0.003 -22"><span class='ocrx_word' id='word_1_67' title='bbox 45 1080 128 1139; x_wconf 85' lang='lat' dir='ltr'>tione</span> <span class='ocrx_word' id='word_1_68' title='bbox 140 1081 214 1153; x_wconf 81' lang='lat' dir='ltr'>facta</span> <span class='ocrx_word' id='word_1_69' title='bbox 227 1082 320 1140; x_wconf 83' lang='lat' dir='ltr'>evcnit</span> <span class='ocrx_word' id='word_1_70' title='bbox 335 1083 442 1141; x_wconf 89' lang='lat' dir='ltr'>Nostro</span> <span class='ocrx_word' id='word_1_71' title='bbox 456 1080 564 1141; x_wconf 80' lang='lat' dir='ltr'>Sicilia</span> <span class='ocrx_word' id='word_1_72' title='bbox 608 1083 757 1142; x_wconf 74' lang='lat' dir='ltr'>Profectus</span> <span class='ocrx_word' id='word_1_73' title='bbox 778 1082 868 1159; x_wconf 81' lang='lat' dir='ltr'>igitur</span> <span class='ocrx_word' id='word_1_74' title='bbox 881 1082 912 1140; x_wconf 91' lang='lat' dir='ltr'>in</span> <span class='ocrx_word' id='word_1_75' title='bbox 925 1082 1040 1159; x_wconf 88' lang='lat' dir='ltr'>provin·</span> 
     </span>
     <span class='ocr_line' id='line_1_11' title="bbox 46 1160 1039 1239; baseline -0.001 -20"><span class='ocrx_word' id='word_1_76' title='bbox 46 1160 126 1219; x_wconf 88' lang='lat' dir='ltr'>ciam</span> <span class='ocrx_word' id='word_1_77' title='bbox 137 1172 215 1218; x_wconf 87' lang='lat' dir='ltr'>tanta</span> <span class='ocrx_word' id='word_1_78' title='bbox 236 1160 385 1237; x_wconf 83' lang='lat' dir='ltr'>diligentia</span> <span class='ocrx_word' id='word_1_79' title='bbox 404 1171 537 1238; x_wconf 86' lang='lat' dir='ltr'>tantaque</span> <span class='ocrx_word' id='word_1_80' title='bbox 557 1160 709 1239; x_wconf 88' lang='lat' dir='ltr'>prudentia</span> <span class='ocrx_word' id='word_1_81' title='bbox 730 1180 829 1220; x_wconf 90' lang='lat' dir='ltr'>omnes</span> <span class='ocrx_word' id='word_1_82' title='bbox 844 1160 884 1219; x_wconf 86' lang='lat' dir='ltr'>¹ac</span> <span class='ocrx_word' id='word_1_83' title='bbox 905 1160 1039 1237; x_wconf 84' lang='lat' dir='ltr'>singulas</span> 
     </span>
     <span class='ocr_line' id='line_1_12' title="bbox 46 1238 1039 1321; baseline 0.001 -23"><span class='ocrx_word' id='word_1_84' title='bbox 46 1238 211 1298; x_wconf 88' lang='lat' dir='ltr'>demandati</span> <span class='ocrx_word' id='word_1_85' title='bbox 225 1240 279 1300; x_wconf 91' lang='lat' dir='ltr'>sibi</span> <span class='ocrx_word' id='word_1_86' title='bbox 293 1240 423 1299; x_wconf 87' lang='lat' dir='ltr'>muneris</span> <span class='ocrx_word' id='word_1_87' title='bbox 435 1252 529 1317; x_wconf 86' lang='lat' dir='ltr'>partes</span> <span class='ocrx_word' id='word_1_88' title='bbox 543 1238 673 1317; x_wconf 84' lang='lat' dir='ltr'>explevit,</span> <span class='ocrx_word' id='word_1_89' title='bbox 695 1251 797 1321; x_wconf 87' lang='lat' dir='ltr'>utnon</span> <span class='ocrx_word' id='word_1_90' title='bbox 811 1238 907 1299; x_wconf 82' lang='lat' dir='ltr'>solum</span> <span class='ocrx_word' id='word_1_91' title='bbox 922 1251 1039 1299; x_wconf 85' lang='lat' dir='ltr'>senatus</span> 
     </span>
     <span class='ocr_line' id='line_1_13' title="bbox 44 1316 1039 1397; baseline 0.002 -22"><span class='ocrx_word' id='word_1_92' title='bbox 44 1318 206 1397; x_wconf 80' lang='lat' dir='ltr'>populique</span> <span class='ocrx_word' id='word_1_93' title='bbox 219 1320 345 1378; x_wconf 87' lang='lat' dir='ltr'>Romani</span> <span class='ocrx_word' id='word_1_94' title='bbox 365 1319 493 1377; x_wconf 83' lang='lat' dir='ltr'>favorem</span> <span class='ocrx_word' id='word_1_95' title='bbox 506 1329 534 1377; x_wconf 91' lang='lat' dir='ltr'>et</span> <span class='ocrx_word' id='word_1_96' title='bbox 548 1320 679 1395; x_wconf 79' lang='lat' dir='ltr'>gratiam,</span> <span class='ocrx_word' id='word_1_97' title='bbox 700 1317 859 1377; x_wconf 73' lang='lat' dir='ltr'>sedetiam</span> <span class='ocrx_word' id='word_1_98' title='bbox 873 1316 1039 1377; x_wconf 88' lang='lat' dir='ltr'>Siculorum</span> 
     </span>
     <span class='ocr_line' id='line_1_14' title="bbox 43 1396 1039 1475; baseline 0 -20"><span class='ocrx_word' id='word_1_99' title='bbox 43 1416 179 1455; x_wconf 84' lang='lat' dir='ltr'>amorem</span> <span class='ocrx_word' id='word_1_100' title='bbox 191 1408 276 1475; x_wconf 85' lang='lat' dir='ltr'>atque</span> <span class='ocrx_word' id='word_1_101' title='bbox 294 1396 523 1457; x_wconf 81' lang='lat' dir='ltr'>benevolentiam</span> <span class='ocrx_word' id='word_1_102' title='bbox 536 1396 591 1456; x_wconf 89' lang='lat' dir='ltr'>sibi</span> <span class='ocrx_word' id='word_1_103' title='bbox 605 1397 779 1457; x_wconf 82' lang='lat' dir='ltr'>conciliaret.</span> <span class='ocrx_word' id='word_1_104' title='bbox 821 1396 964 1469; x_wconf 83' lang='lat' dir='ltr'>Romanis¹</span> <span class='ocrx_word' id='word_1_105' title='bbox 978 1396 1039 1475; x_wconf 91' lang='lat' dir='ltr'>qui-</span> 
     </span>
     <span class='ocr_line' id='line_1_15' title="bbox 43 1474 1039 1554; baseline 0 -19"><span class='ocrx_word' id='word_1_106' title='bbox 43 1474 121 1545; x_wconf 87' lang='lat' dir='ltr'>dem,</span> <span class='ocrx_word' id='word_1_107' title='bbox 135 1477 271 1550; x_wconf 80' lang='lat' dir='ltr'>frumenti</span> <span class='ocrx_word' id='word_1_108' title='bbox 284 1478 406 1554; x_wconf 87' lang='lat' dir='ltr'>penuria</span> <span class='ocrx_word' id='word_1_109' title='bbox 418 1486 446 1535; x_wconf 89' lang='lat' dir='ltr'>et</span> <span class='ocrx_word' id='word_1_110' title='bbox 458 1476 575 1535; x_wconf 81' lang='lat' dir='ltr'>caritate</span> <span class='ocrx_word' id='word_1_111' title='bbox 588 1476 643 1535; x_wconf 90' lang='lat' dir='ltr'>hoc</span> <span class='ocrx_word' id='word_1_112' title='bbox 657 1490 733 1535; x_wconf 83' lang='lat' dir='ltr'>anno</span> <span class='ocrx_word' id='word_1_113' title='bbox 747 1474 949 1547; x_wconf 83' lang='lat' dir='ltr'>laborantibus,</span> <span class='ocrx_word' id='word_1_114' title='bbox 963 1483 1039 1535; x_wconf 82' lang='lat' dir='ltr'>cor&#39;n·</span> 
     </span>
     <span class='ocr_line' id='line_1_16' title="bbox 43 1553 1045 1647; baseline 0 -34"><span class='ocrx_word' id='word_1_115' title='bbox 43 1566 145 1615; x_wconf 79' lang='lat' dir='ltr'>meatu</span> <span class='ocrx_word' id='word_1_116' title='bbox 157 1575 195 1615; x_wconf 87' lang='lat' dir='ltr'>ex</span> <span class='ocrx_word' id='word_1_117' title='bbox 208 1556 311 1615; x_wconf 85' lang='lat' dir='ltr'>Sicilia·</span> <span class='ocrx_word' id='word_1_118' title='bbox 321 1556 455 1615; x_wconf 88' lang='lat' dir='ltr'>subvecto</span> <span class='ocrx_word' id='word_1_119' title='bbox 465 1553 585 1633; x_wconf 84' lang='lat' dir='ltr'>egregie</span> <span class='ocrx_word' id='word_1_120' title='bbox 597 1558 758 1647; x_wconf 75' lang='lat' dir='ltr'>prospexit3</span> <span class='ocrx_word' id='word_1_121' title='bbox 780 1554 966 1645; x_wconf 73' lang='lat' dir='ltr'>Siculis&#39;ter&#39;o</span> <span class='ocrx_word' id='word_1_122' title='bbox 979 1566 1045 1613; x_wconf 84' lang='lat' dir='ltr'>tam·</span> 
     </span>
     <span class='ocr_line' id='line_1_17' title="bbox 43 1632 1039 1711; baseline 0 -18"><span class='ocrx_word' id='word_1_123' title='bbox 43 1634 156 1703; x_wconf 80' lang='lat' dir='ltr'>mitem,</span> <span class='ocrx_word' id='word_1_124' title='bbox 179 1645 298 1710; x_wconf 72' lang='lat' dir='ltr'>comen,</span> <span class='ocrx_word' id='word_1_125' title='bbox 313 1634 475 1693; x_wconf 84' lang='lat' dir='ltr'>humanum</span> <span class='ocrx_word' id='word_1_126' title='bbox 488 1646 515 1692; x_wconf 85' lang='lat' dir='ltr'>et</span> <span class='ocrx_word' id='word_1_127' title='bbox 529 1635 692 1693; x_wconf 82' lang='lat' dir='ltr'>officiosum</span> <span class='ocrx_word' id='word_1_128' title='bbox 705 1646 737 1693; x_wconf 85' lang='lat' dir='ltr'>se</span> <span class='ocrx_word' id='word_1_129' title='bbox 750 1632 888 1711; x_wconf 78' lang='lat' dir='ltr'>praebuit,</span> <span class='ocrx_word' id='word_1_130' title='bbox 909 1633 1039 1705; x_wconf 59' lang='lat' dir='ltr'>ut¹=dece=</span> 
     </span>
     <span class='ocr_line' id='line_1_18' title="bbox 43 1712 1045 1791; baseline 0.001 -20"><span class='ocrx_word' id='word_1_131' title='bbox 43 1713 164 1773; x_wconf 83' lang='lat' dir='ltr'>dentem</span> <span class='ocrx_word' id='word_1_132' title='bbox 171 1734 209 1788; x_wconf 78' lang='lat' dir='ltr'>err</span> <span class='ocrx_word' id='word_1_133' title='bbox 218 1712 366 1791; x_wconf 80' lang='lat' dir='ltr'>provincia</span> <span class='ocrx_word' id='word_1_134' title='bbox 375 1713 519 1784; x_wconf 83' lang='lat' dir='ltr'>inauditis,</span> <span class='ocrx_word' id='word_1_135' title='bbox 533 1724 564 1770; x_wconf 90' lang='lat' dir='ltr'>ut</span> <span class='ocrx_word' id='word_1_136' title='bbox 573 1712 636 1791; x_wconf 83' lang='lat' dir='ltr'>ipse</span> <span class='ocrx_word' id='word_1_137' title='bbox 649 1722 773 1782; x_wconf 85' lang='lat' dir='ltr'>testatur,</span> <span class='ocrx_word' id='word_1_138' title='bbox 788 1713 946 1784; x_wconf 83' lang='lat' dir='ltr'>honoribus</span> <span class='ocrx_word' id='word_1_139' title='bbox 956 1717 1045 1789; x_wconf 49' lang='lat' dir='ltr'>orna&amp;</span> 
     </span>
     <span class='ocr_line' id='line_1_19' title="bbox 42 1790 1039 1871; baseline -0.002 -20"><span class='ocrx_word' id='word_1_140' title='bbox 42 1802 117 1868; x_wconf 82' lang='lat' dir='ltr'>rent,</span> <span class='ocrx_word' id='word_1_141' title='bbox 132 1794 354 1871; x_wconf 78' lang='lat' dir='ltr'>et&#39;quocunqne</span> <span class='ocrx_word' id='word_1_142' title='bbox 368 1791 452 1851; x_wconf 88' lang='lat' dir='ltr'>modo</span> <span class='ocrx_word' id='word_1_143' title='bbox 463 1802 589 1869; x_wconf 85' lang='lat' dir='ltr'>possent,</span> <span class='ocrx_word' id='word_1_144' title='bbox 604 1802 719 1867; x_wconf 80' lang='lat' dir='ltr'>gratum</span> <span class='ocrx_word' id='word_1_145' title='bbox 732 1790 864 1849; x_wconf 82' lang='lat' dir='ltr'>animum</span> <span class='ocrx_word' id='word_1_146' title='bbox 877 1791 905 1861; x_wconf 85' lang='lat' dir='ltr'>ei</span> <span class='ocrx_word' id='word_1_147' title='bbox 913 1790 1039 1863; x_wconf 77' lang='lat' dir='ltr'>declara·</span> 
     </span>
     <span class='ocr_line' id='line_1_20' title="bbox 42 1867 1043 1949; baseline -0.003 -19"><span class='ocrx_word' id='word_1_148' title='bbox 42 1872 316 1930; x_wconf 46' lang='lat' dir='ltr'>rent-*Caeterum</span> <span class='ocrx_word' id='word_1_149' title='bbox 328 1870 467 1949; x_wconf 84' lang='lat' dir='ltr'>quicquid</span> <span class='ocrx_word' id='word_1_150' title='bbox 479 1870 623 1947; x_wconf 87' lang='lat' dir='ltr'>temporis,</span> <span class='ocrx_word' id='word_1_151' title='bbox 637 1867 793 1947; x_wconf 86' lang='lat' dir='ltr'>apublicis</span> <span class='ocrx_word' id='word_1_152' title='bbox 804 1868 930 1947; x_wconf 49' lang='lat' dir='ltr'>¹nessgotiis</span> <span class='ocrx_word' id='word_1_153' title='bbox 944 1868 1043 1949; x_wconf 68' lang='lat' dir='ltr'>vacui,¹</span> 
     </span>
     <span class='ocr_line' id='line_1_21' title="bbox 42 1946 1045 2024; baseline 0.001 -16"><span class='ocrx_word' id='word_1_154' title='bbox 42 1950 71 2009; x_wconf 83' lang='lat' dir='ltr'>ei</span> <span class='ocrx_word' id='word_1_155' title='bbox 85 1950 187 2008; x_wconf 87' lang='lat' dir='ltr'>datum</span> <span class='ocrx_word' id='word_1_156' title='bbox 198 1950 252 2024; x_wconf 80' lang='lat' dir='ltr'>-l&#39;uit</span> <span class='ocrx_word' id='word_1_157' title='bbox 265 1952 297 2009; x_wconf 89' lang='lat' dir='ltr'>in</span> <span class='ocrx_word' id='word_1_158' title='bbox 310 1948 417 2024; x_wconf 78' lang='lat' dir='ltr'>Sicilia,</span> <span class='ocrx_word' id='word_1_159' title='bbox 439 1949 471 2009; x_wconf 86' lang='lat' dir='ltr'>id</span> <span class='ocrx_word' id='word_1_160' title='bbox 481 1948 741 2018; x_wconf 83' lang='lat' dir='ltr'>exercitationibus,</span> <span class='ocrx_word' id='word_1_161' title='bbox 762 1946 800 2007; x_wconf 84' lang='lat' dir='ltr'>ad</span> <span class='ocrx_word' id='word_1_162' title='bbox 819 1946 1045 2009; x_wconf 72' lang='lat' dir='ltr'>artcm&#39;dice&#39;ndi·</span> 
     </span>
    </p>
   </div>
   <div class='ocr_carea' id='block_1_5' title="bbox 41 2028 985 2109">
    <p class='ocr_par' dir='ltr' id='par_1_5' title="bbox 41 2028 985 2109">
     <span class='ocr_line' id='line_1_22' title="bbox 41 2028 985 2109; baseline -0.001 -21"><span class='ocrx_word' id='word_1_163' title='bbox 41 2029 247 2109; x_wconf 73' lang='lat' dir='ltr'>spectantibus,</span> <span class='ocrx_word' id='word_1_164' title='bbox 262 2028 412 2089; x_wconf 72' lang='lat' dir='ltr'>sacrarit.¹</span> <span class='ocrx_word' id='word_1_165' title='bbox 437 2045 439 2048; x_wconf 82' lang='lat'>·</span> <span class='ocrx_word' id='word_1_166' title='bbox 605 2096 607 2101; x_wconf 68' lang='lat'>,</span> <span class='ocrx_word' id='word_1_167' title='bbox 867 2094 870 2101; x_wconf 55' lang='grc'><em>,</em></span> <span class='ocrx_word' id='word_1_168' title='bbox 966 2042 985 2101; x_wconf 59' lang='grc' dir='ltr'>ᾖ</span> 
     </span>
    </p>
   </div>
   <div class='ocr_carea' id='block_1_6' title="bbox 104 2192 1013 2298">
    <p class='ocr_par' dir='ltr' id='par_1_6' title="bbox 104 2192 1013 2298">
     <span class='ocr_line' id='line_1_23' title="bbox 104 2192 1013 2298; baseline 0.002 -17"><span class='ocrx_word' id='word_1_169' title='bbox 104 2257 107 2263; x_wconf 90' lang='lat'>-</span> <span class='ocrx_word' id='word_1_170' title='bbox 139 2286 141 2290; x_wconf 61' lang='grc'><strong>,</strong></span> <span class='ocrx_word' id='word_1_171' title='bbox 171 2224 214 2281; x_wconf 85' lang='lat'>10.</span> <span class='ocrx_word' id='word_1_172' title='bbox 239 2221 341 2281; x_wconf 79' lang='lat' dir='ltr'>Cicero</span> <span class='ocrx_word' id='word_1_173' title='bbox 354 2205 533 2298; x_wconf 76' lang='lat' dir='ltr'>sepulchrum</span> <span class='ocrx_word' id='word_1_174' title='bbox 546 2218 735 2280; x_wconf 78' lang='lat' dir='ltr'>Archimedis</span> <span class='ocrx_word' id='word_1_175' title='bbox 745 2192 915 2297; x_wconf 72' lang='lat' dir='ltr'>investiget.</span> <span class='ocrx_word' id='word_1_176' title='bbox 942 2280 944 2285; x_wconf 85' lang='grc'>,</span> <span class='ocrx_word' id='word_1_177' title='bbox 973 2274 977 2281; x_wconf 90' lang='grc'>.</span> <span class='ocrx_word' id='word_1_178' title='bbox 1011 2278 1013 2283; x_wconf 88' lang='grc'><em>,</em></span> 
     </span>
    </p>
   </div>
   <div class='ocr_carea' id='block_1_7' title="bbox 11 2374 1048 3811">
    <p class='ocr_par' dir='ltr' id='par_1_7' title="bbox 38 2374 1038 2614">
     <span class='ocr_line' id='line_1_24' title="bbox 82 2374 1038 2457; baseline -0.007 -16"><span class='ocrx_word' id='word_1_179' title='bbox 82 2375 265 2456; x_wconf 84' lang='lat' dir='ltr'>Priusquam</span> <span class='ocrx_word' id='word_1_180' title='bbox 280 2376 385 2437; x_wconf 86' lang='lat' dir='ltr'>Cicero</span> <span class='ocrx_word' id='word_1_181' title='bbox 399 2398 436 2438; x_wconf 87' lang='lat' dir='ltr'>ex</span> <span class='ocrx_word' id='word_1_182' title='bbox 449 2374 550 2437; x_wconf 82' lang='lat' dir='ltr'>Sicilia</span> <span class='ocrx_word' id='word_1_183' title='bbox 563 2375 718 2445; x_wconf 83' lang='lat' dir='ltr'>decederet,</span> <span class='ocrx_word' id='word_1_184' title='bbox 734 2386 822 2439; x_wconf 90' lang='lat' dir='ltr'>totam</span> <span class='ocrx_word' id='word_1_185' title='bbox 836 2374 962 2453; x_wconf 73' lang='lat' dir='ltr'>ursulam</span> <span class='ocrx_word' id='word_1_186' title='bbox 975 2395 1038 2457; x_wconf 84' lang='lat' dir='ltr'>per·</span> 
     </span>
     <span class='ocr_line' id='line_1_25' title="bbox 39 2454 1037 2536; baseline -0.003 -18"><span class='ocrx_word' id='word_1_187' title='bbox 39 2478 168 2536; x_wconf 76' lang='lat' dir='ltr'>agrare,</span> <span class='ocrx_word' id='word_1_188' title='bbox 178 2469 211 2528; x_wconf 84' lang='lat' dir='ltr'>et,</span> <span class='ocrx_word' id='word_1_189' title='bbox 229 2456 366 2535; x_wconf 90' lang='lat' dir='ltr'>quicquid</span> <span class='ocrx_word' id='word_1_190' title='bbox 376 2476 475 2516; x_wconf 90' lang='lat' dir='ltr'>rerum</span> <span class='ocrx_word' id='word_1_191' title='bbox 485 2454 719 2516; x_wconf 77' lang='lat' dir='ltr'>memorabilium</span> <span class='ocrx_word' id='word_1_192' title='bbox 729 2455 769 2515; x_wconf 86' lang='lat' dir='ltr'>rbi</span> <span class='ocrx_word' id='word_1_193' title='bbox 779 2456 958 2535; x_wconf 81' lang='lat' dir='ltr'>reperiretur,</span> <span class='ocrx_word' id='word_1_194' title='bbox 970 2476 1037 2533; x_wconf 88' lang='lat' dir='ltr'>cog·</span> 
     </span>
     <span class='ocr_line' id='line_1_26' title="bbox 38 2535 1036 2614; baseline -0.003 -18"><span class='ocrx_word' id='word_1_195' title='bbox 38 2558 167 2604; x_wconf 85' lang='lat' dir='ltr'>noscere</span> <span class='ocrx_word' id='word_1_196' title='bbox 176 2548 203 2595; x_wconf 87' lang='lat' dir='ltr'>et</span> <span class='ocrx_word' id='word_1_197' title='bbox 220 2536 466 2614; x_wconf 82' lang='lat' dir='ltr'>oculisusurpare</span> <span class='ocrx_word' id='word_1_198' title='bbox 479 2535 630 2603; x_wconf 80' lang='lat' dir='ltr'>constituit.</span> <span class='ocrx_word' id='word_1_199' title='bbox 676 2536 778 2598; x_wconf 74' lang='lat' dir='ltr'>Quum</span> <span class='ocrx_word' id='word_1_200' title='bbox 792 2535 944 2613; x_wconf 77' lang='lat' dir='ltr'>Syracusis</span> <span class='ocrx_word' id='word_1_201' title='bbox 954 2546 1036 2605; x_wconf 86' lang='lat' dir='ltr'>esset,</span> 
     </span>
    </p>

    <p class='ocr_par' dir='ltr' id='par_1_8' title="bbox 11 2610 1048 3811">
     <span class='ocr_line' id='line_1_27' title="bbox 59 2610 1036 2695; baseline -0.004 -18"><span class='ocrx_word' id='word_1_202' title='bbox 59 2611 359 2695; x_wconf 73' lang='lat' dir='ltr'>rincipes‚quosdam,</span> <span class='ocrx_word' id='word_1_203' title='bbox 380 2614 484 2693; x_wconf 79' lang='lat' dir='ltr'>qulbus</span> <span class='ocrx_word' id='word_1_204' title='bbox 505 2610 633 2673; x_wconf 75' lang='lat' dir='ltr'>ducibus</span> <span class='ocrx_word' id='word_1_205' title='bbox 648 2612 679 2671; x_wconf 89' lang='lat' dir='ltr'>in</span> <span class='ocrx_word' id='word_1_206' title='bbox 697 2610 951 2691; x_wconf 75' lang='lat' dir='ltr'>celeberrimailla</span> <span class='ocrx_word' id='word_1_207' title='bbox 965 2610 1036 2673; x_wconf 88' lang='lat' dir='ltr'>urbe</span> 
     </span>
     <span class='ocr_line' id='line_1_28' title="bbox 38 2637 1047 2769; baseline -0.002 -12"><span class='ocrx_word' id='word_1_208' title='bbox 38 2637 196 2757; x_wconf 68' lang='lat' dir='ltr'>lustranda</span> <span class='ocrx_word' id='word_1_209' title='bbox 209 2695 346 2764; x_wconf 83' lang='lat' dir='ltr'>utebatur,</span> <span class='ocrx_word' id='word_1_210' title='bbox 366 2705 398 2753; x_wconf 88' lang='lat' dir='ltr'>ut</span> <span class='ocrx_word' id='word_1_211' title='bbox 420 2693 475 2752; x_wconf 90' lang='lat' dir='ltr'>sibi</span> <span class='ocrx_word' id='word_1_212' title='bbox 490 2692 677 2751; x_wconf 83' lang='lat' dir='ltr'>Archimedis</span> <span class='ocrx_word' id='word_1_213' title='bbox 691 2690 879 2769; x_wconf 83' lang='lat' dir='ltr'>sepulchrum</span> <span class='ocrx_word' id='word_1_214' title='bbox 898 2703 1047 2755; x_wconf 74' lang='lat' dir='ltr'>monstra.</span> 
     </span>
     <span class='ocr_line' id='line_1_29' title="bbox 37 2764 1048 2851; baseline -0.005 -15"><span class='ocrx_word' id='word_1_215' title='bbox 37 2788 113 2847; x_wconf 90' lang='lat' dir='ltr'>rent,</span> <span class='ocrx_word' id='word_1_216' title='bbox 125 2774 246 2851; x_wconf 85' lang='lat' dir='ltr'>rogavit</span> <span class='ocrx_word' id='word_1_217' title='bbox 280 2772 329 2833; x_wconf 94' lang='lat' dir='ltr'>Illi</span> <span class='ocrx_word' id='word_1_218' title='bbox 343 2771 466 2849; x_wconf 89' lang='lat' dir='ltr'>quidem,</span> <span class='ocrx_word' id='word_1_219' title='bbox 476 2792 508 2831; x_wconf 91' lang='lat' dir='ltr'>se</span> <span class='ocrx_word' id='word_1_220' title='bbox 518 2771 592 2831; x_wconf 90' lang='lat' dir='ltr'>nihil</span> <span class='ocrx_word' id='word_1_221' title='bbox 601 2771 687 2849; x_wconf 86' lang='lat' dir='ltr'>plane</span> <span class='ocrx_word' id='word_1_222' title='bbox 695 2790 824 2850; x_wconf 89' lang='lat' dir='ltr'>unquam</span> <span class='ocrx_word' id='word_1_223' title='bbox 838 2770 873 2831; x_wconf 90' lang='lat' dir='ltr'>de</span> <span class='ocrx_word' id='word_1_224' title='bbox 884 2764 1048 2831; x_wconf 74' lang='lat' dir='ltr'>Archime&#39;</span> 
     </span>
     <span class='ocr_line' id='line_1_30' title="bbox 36 2849 1037 2932; baseline -0.006 -17"><span class='ocrx_word' id='word_1_225' title='bbox 36 2854 83 2915; x_wconf 91' lang='lat' dir='ltr'>dis</span> <span class='ocrx_word' id='word_1_226' title='bbox 99 2852 259 2932; x_wconf 87' lang='lat' dir='ltr'>sepulchro</span> <span class='ocrx_word' id='word_1_227' title='bbox 272 2851 450 2911; x_wconf 83' lang='lat' dir='ltr'>inaudivisse</span> <span class='ocrx_word' id='word_1_228' title='bbox 457 2851 577 2931; x_wconf 81' lang='lat' dir='ltr'>ajebant,</span> <span class='ocrx_word' id='word_1_229' title='bbox 592 2850 657 2919; x_wconf 88' lang='lat' dir='ltr'>imo,</span> <span class='ocrx_word' id='word_1_230' title='bbox 677 2849 762 2909; x_wconf 88' lang='lat' dir='ltr'>illum</span> <span class='ocrx_word' id='word_1_231' title='bbox 776 2850 930 2929; x_wconf 83' lang='lat' dir='ltr'>Syracusis</span> <span class='ocrx_word' id='word_1_232' title='bbox 943 2850 1037 2929; x_wconf 87' lang='lat' dir='ltr'>sepul·</span> 
     </span>
     <span class='ocr_line' id='line_1_31' title="bbox 36 2930 1037 3007; baseline -0.004 -14"><span class='ocrx_word' id='word_1_233' title='bbox 36 2946 101 2994; x_wconf 89' lang='lat' dir='ltr'>tum</span> <span class='ocrx_word' id='word_1_234' title='bbox 114 2951 189 3001; x_wconf 75' lang='lat' dir='ltr'>esse,</span> <span class='ocrx_word' id='word_1_235' title='bbox 199 2934 318 2991; x_wconf 89' lang='lat' dir='ltr'>omnino</span> <span class='ocrx_word' id='word_1_236' title='bbox 327 2934 477 3007; x_wconf 84' lang='lat' dir='ltr'>negabant.</span> <span class='ocrx_word' id='word_1_237' title='bbox 520 2933 561 2990; x_wconf 83' lang='lat' dir='ltr'>At</span> <span class='ocrx_word' id='word_1_238' title='bbox 570 2930 684 2997; x_wconf 80' lang='lat' dir='ltr'>Cicero,</span> <span class='ocrx_word' id='word_1_239' title='bbox 694 2948 784 3006; x_wconf 90' lang='lat' dir='ltr'>quum</span> <span class='ocrx_word' id='word_1_240' title='bbox 795 2930 822 2987; x_wconf 87' lang='lat' dir='ltr'>ei</span> <span class='ocrx_word' id='word_1_241' title='bbox 835 2939 1037 2990; x_wconf 87' lang='lat' dir='ltr'>succurrerent</span> 
     </span>
     <span class='ocr_line' id='line_1_32' title="bbox 36 3008 1035 3089; baseline -0.003 -18"><span class='ocrx_word' id='word_1_242' title='bbox 36 3032 148 3073; x_wconf 86' lang='lat' dir='ltr'>versus</span> <span class='ocrx_word' id='word_1_243' title='bbox 162 3010 287 3089; x_wconf 88' lang='lat' dir='ltr'>quidam,</span> <span class='ocrx_word' id='word_1_244' title='bbox 299 3008 485 3070; x_wconf 86' lang='lat' dir='ltr'>Archimedis</span> <span class='ocrx_word' id='word_1_245' title='bbox 498 3008 653 3087; x_wconf 87' lang='lat' dir='ltr'>sepulchro</span> <span class='ocrx_word' id='word_1_246' title='bbox 668 3009 806 3086; x_wconf 87' lang='lat' dir='ltr'>inscripti,</span> <span class='ocrx_word' id='word_1_247' title='bbox 816 3010 867 3086; x_wconf 87' lang='lat' dir='ltr'>qui</span> <span class='ocrx_word' id='word_1_248' title='bbox 881 3009 1035 3087; x_wconf 83' lang='lat' dir='ltr'>sphaeram</span> 
     </span>
     <span class='ocr_line' id='line_1_33' title="bbox 35 3086 1036 3169; baseline -0.005 -17"><span class='ocrx_word' id='word_1_249' title='bbox 35 3108 110 3152; x_wconf 86' lang='lat' dir='ltr'>cum</span> <span class='ocrx_word' id='word_1_250' title='bbox 125 3088 260 3169; x_wconf 84' lang='lat' dir='ltr'>cylindro</span> <span class='ocrx_word' id='word_1_251' title='bbox 268 3089 299 3148; x_wconf 86' lang='lat' dir='ltr'>in</span> <span class='ocrx_word' id='word_1_252' title='bbox 307 3106 422 3165; x_wconf 83' lang='lat' dir='ltr'>summo</span> <span class='ocrx_word' id='word_1_253' title='bbox 430 3087 584 3167; x_wconf 86' lang='lat' dir='ltr'>sepulchro</span> <span class='ocrx_word' id='word_1_254' title='bbox 592 3088 714 3167; x_wconf 84' lang='lat' dir='ltr'>positam</span> <span class='ocrx_word' id='word_1_255' title='bbox 724 3105 791 3149; x_wconf 80' lang='lat' dir='ltr'>esse</span> <span class='ocrx_word' id='word_1_256' title='bbox 801 3088 989 3157; x_wconf 75' lang='lat' dir='ltr'>declarabant,</span> <span class='ocrx_word' id='word_1_257' title='bbox 998 3086 1036 3147; x_wconf 76' lang='lat' dir='ltr'>ab</span> 
     </span>
     <span class='ocr_line' id='line_1_34' title="bbox 35 3161 1035 3246; baseline -0.006 -15"><span class='ocrx_word' id='word_1_258' title='bbox 35 3168 240 3246; x_wconf 75' lang='lat' dir='ltr'>investigandi</span> <span class='ocrx_word' id='word_1_259' title='bbox 254 3167 346 3241; x_wconf 80' lang='lat' dir='ltr'>studio</span> <span class='ocrx_word' id='word_1_260' title='bbox 360 3168 440 3228; x_wconf 86' lang='lat' dir='ltr'>haud</span> <span class='ocrx_word' id='word_1_261' title='bbox 453 3161 563 3227; x_wconf 85' lang='lat' dir='ltr'>abstitit</span> <span class='ocrx_word' id='word_1_262' title='bbox 602 3164 723 3227; x_wconf 86' lang='lat' dir='ltr'>Delatus</span> <span class='ocrx_word' id='word_1_263' title='bbox 732 3167 822 3244; x_wconf 84' lang='lat' dir='ltr'>igitur</span> <span class='ocrx_word' id='word_1_264' title='bbox 830 3168 861 3241; x_wconf 85' lang='lat' dir='ltr'>in</span> <span class='ocrx_word' id='word_1_265' title='bbox 870 3168 975 3241; x_wconf 87' lang='lat' dir='ltr'>locum,</span> <span class='ocrx_word' id='word_1_266' title='bbox 986 3166 1035 3225; x_wconf 87' lang='lat' dir='ltr'>ubi</span> 
     </span>
     <span class='ocr_line' id='line_1_35' title="bbox 34 3244 1036 3327; baseline -0.006 -16"><span class='ocrx_word' id='word_1_267' title='bbox 34 3268 157 3327; x_wconf 79' lang='lat' dir='ltr'>magna</span> <span class='ocrx_word' id='word_1_268' title='bbox 175 3260 308 3306; x_wconf 86' lang='lat' dir='ltr'>veterum·</span> <span class='ocrx_word' id='word_1_269' title='bbox 326 3245 548 3325; x_wconf 84' lang='lat' dir='ltr'>sepulchrorum</span> <span class='ocrx_word' id='word_1_270' title='bbox 568 3247 728 3323; x_wconf 83' lang='lat' dir='ltr'>frequentia</span> <span class='ocrx_word' id='word_1_271' title='bbox 744 3246 805 3316; x_wconf 83' lang='lat' dir='ltr'>luit,</span> <span class='ocrx_word' id='word_1_272' title='bbox 826 3264 917 3323; x_wconf 88' lang='lat' dir='ltr'>quum</span> <span class='ocrx_word' id='word_1_273' title='bbox 935 3244 1036 3305; x_wconf 82' lang='lat' dir='ltr'>omnia</span> 
     </span>
     <span class='ocr_line' id='line_1_36' title="bbox 35 3322 1044 3397; baseline -0.007 -8"><span class='ocrx_word' id='word_1_274' title='bbox 35 3330 140 3390; x_wconf 83' lang='lat' dir='ltr'>oculis</span> <span class='ocrx_word' id='word_1_275' title='bbox 152 3326 353 3397; x_wconf 68' lang='lat' dir='ltr'>collustrasse,</span> <span class='ocrx_word' id='word_1_276' title='bbox 367 3329 450 3385; x_wconf 82' lang='lat' dir='ltr'>eccel</span> <span class='ocrx_word' id='word_1_277' title='bbox 473 3326 671 3385; x_wconf 81' lang='lat' dir='ltr'>animadvertit</span> <span class='ocrx_word' id='word_1_278' title='bbox 684 3322 878 3395; x_wconf 89' lang='lat' dir='ltr'>columellam,</span> <span class='ocrx_word' id='word_1_279' title='bbox 889 3342 948 3383; x_wconf 90' lang='lat' dir='ltr'>non</span> <span class='ocrx_word' id='word_1_280' title='bbox 962 3322 1044 3383; x_wconf 71' lang='lat' dir='ltr'>muh&#39;·</span> 
     </span>
     <span class='ocr_line' id='line_1_37' title="bbox 34 3403 1047 3486; baseline -0.008 -17"><span class='ocrx_word' id='word_1_281' title='bbox 34 3422 105 3486; x_wconf 74' lang='lat' dir='ltr'>turn</span> <span class='ocrx_word' id='word_1_282' title='bbox 118 3428 138 3467; x_wconf 97' lang='lat' dir='ltr'>e</span> <span class='ocrx_word' id='word_1_283' title='bbox 152 3406 248 3482; x_wconf 85' lang='lat' dir='ltr'>dumis</span> <span class='ocrx_word' id='word_1_284' title='bbox 262 3416 290 3464; x_wconf 89' lang='lat' dir='ltr'>et</span> <span class='ocrx_word' id='word_1_285' title='bbox 300 3406 436 3485; x_wconf 83' lang='lat' dir='ltr'>vepribus</span> <span class='ocrx_word' id='word_1_286' title='bbox 449 3405 631 3474; x_wconf 87' lang='lat' dir='ltr'>eminentem,</span> <span class='ocrx_word' id='word_1_287' title='bbox 641 3405 671 3463; x_wconf 91' lang='lat' dir='ltr'>in</span> <span class='ocrx_word' id='word_1_288' title='bbox 687 3422 744 3481; x_wconf 87' lang='lat' dir='ltr'>qua</span> <span class='ocrx_word' id='word_1_289' title='bbox 757 3404 897 3481; x_wconf 86' lang='lat' dir='ltr'>sphaerae</span> <span class='ocrx_word' id='word_1_290' title='bbox 910 3414 972 3471; x_wconf 79' lang='lat' dir='ltr'>etc&#39;</span> <span class='ocrx_word' id='word_1_291' title='bbox 982 3403 1047 3462; x_wconf 74' lang='lat' dir='ltr'>lin·¹</span> 
     </span>
     <span class='ocr_line' id='line_1_38' title="bbox 35 3422 1035 3566; baseline -0.005 -20"><span class='ocrx_word' id='word_1_292' title='bbox 35 3488 84 3547; x_wconf 83' lang='lat' dir='ltr'>dri</span> <span class='ocrx_word' id='word_1_293' title='bbox 108 3487 210 3566; x_wconf 71' lang='lat' dir='ltr'>ligura</span> <span class='ocrx_word' id='word_1_294' title='bbox 229 3485 465 3562; x_wconf 81' lang='lat' dir='ltr'>conspiciebatur.</span> <span class='ocrx_word' id='word_1_295' title='bbox 507 3484 609 3543; x_wconf 81' lang='lat' dir='ltr'>Statim</span> <span class='ocrx_word' id='word_1_296' title='bbox 631 3482 728 3541; x_wconf 87' lang='lat' dir='ltr'>locum</span> <span class='ocrx_word' id='word_1_297' title='bbox 750 3483 828 3559; x_wconf 85' lang='lat' dir='ltr'>circa</span> <span class='ocrx_word' id='word_1_298' title='bbox 848 3422 1035 3541; x_wconf 79' lang='lat' dir='ltr'>columellam</span> 
     </span>
     <span class='ocr_line' id='line_1_39' title="bbox 34 3559 1047 3642; baseline -0.009 -15"><span class='ocrx_word' id='word_1_299' title='bbox 34 3566 309 3642; x_wconf 75' lang='lat' dir='ltr'>falcibus2&#39;purgari</span> <span class='ocrx_word' id='word_1_300' title='bbox 328 3574 357 3623; x_wconf 89' lang='lat' dir='ltr'>et</span> <span class='ocrx_word' id='word_1_301' title='bbox 374 3562 481 3641; x_wconf 82' lang='lat' dir='ltr'>aperiri</span> <span class='ocrx_word' id='word_1_302' title='bbox 498 3561 595 3639; x_wconf 83' lang='lat' dir='ltr'>jubet;</span> <span class='ocrx_word' id='word_1_303' title='bbox 616 3560 782 3622; x_wconf 72' lang='lat' dir='ltr'>accedit&#39;ad</span> <span class='ocrx_word' id='word_1_304' title='bbox 800 3559 993 3639; x_wconf 85' lang='lat' dir='ltr'>columellam,</span> <span class='ocrx_word' id='word_1_305' title='bbox 1007 3570 1047 3619; x_wconf 75' lang='lat' dir='ltr'>et</span> 
     </span>
     <span class='ocr_line' id='line_1_40' title="bbox 11 3638 1046 3726; baseline -0.01 -19"><span class='ocrx_word' id='word_1_306' title='bbox 11 3638 16 3650; x_wconf 51' lang='lat'><em>²</em></span> <span class='ocrx_word' id='word_1_307' title='bbox 35 3648 125 3725; x_wconf 85' lang='lat' dir='ltr'>ipsos</span> <span class='ocrx_word' id='word_1_308' title='bbox 137 3639 330 3726; x_wconf 69' lang='lat' dir='ltr'>illos‘versns,</span> <span class='ocrx_word' id='word_1_309' title='bbox 338 3660 411 3722; x_wconf 87' lang='lat' dir='ltr'>quos</span> <span class='ocrx_word' id='word_1_310' title='bbox 420 3642 689 3712; x_wconf 75' lang='lat' dir='ltr'>memoriatenebat,</span> <span class='ocrx_word' id='word_1_311' title='bbox 697 3639 835 3701; x_wconf 79' lang='lat' dir='ltr'>adversae</span> <span class='ocrx_word' id='word_1_312' title='bbox 843 3638 1046 3725; x_wconf 81' lang='lat' dir='ltr'>basiinscrip-¹</span> 
     </span>
     <span class='ocr_line' id='line_1_41' title="bbox 11 3721 986 3811; baseline -0.006 -26"><span class='ocrx_word' id='word_1_313' title='bbox 11 3721 221 3811; x_wconf 63' lang='lat' dir='ltr'>„ros-invenit</span> <span class='ocrx_word' id='word_1_314' title='bbox 287 3755 298 3804; x_wconf 15' lang='lat'>‘⁷</span> <span class='ocrx_word' id='word_1_315' title='bbox 449 3742 452 3746; x_wconf 90' lang='lat'><em>·</em></span> <span class='ocrx_word' id='word_1_316' title='bbox 532 3747 535 3751; x_wconf 92' lang='lat'>·</span> <span class='ocrx_word' id='word_1_317' title='bbox 569 3729 572 3735; x_wconf 85' lang='lat'>&#39;</span> <span class='ocrx_word' id='word_1_318' title='bbox 630 3730 633 3737; x_wconf 58' lang='lat'><strong>⁴</strong></span> <span class='ocrx_word' id='word_1_319' title='bbox 894 3752 898 3760; x_wconf 90' lang='lat'><em>·</em></span> <span class='ocrx_word' id='word_1_320' title='bbox 984 3737 986 3748; x_wconf 70' lang='lat'>¹</span> 
     </span>
    </p>
   </div>
   <div class='ocr_carea' id='block_1_8' title="bbox 0 0 1154 4059">
    <p class='ocr_par' dir='ltr' id='par_1_9' title="bbox 0 0 1154 4059">
     <span class='ocr_line' id='line_1_42' title="bbox 0 0 1154 4059; baseline 0 3"><span class='ocrx_word' id='word_1_321' title='bbox 0 0 1154 4059; x_wconf 95' lang='lat' dir='ltr'> </span> 
     </span>
    </p>
   </div>
  </div>
 </body>
</html>
