2300 4059
105 117 147 179 u
455 136 738 181 normanorum.

104 281 173 333 anta
191 271 293 335 oeulos
311 290 433 333 suorum
445 275 523 335 eaesi
541 285 616 334 sunt
660 268 808 353 Coniuges
821 293 940 353 quoque
960 284 989 335 et
1009 274 1086 335 bberi

105 369 208 410 eorum
220 352 462 443 praedabostium
474 354 561 445 suere.
585 353 664 414 Urbs
674 354 832 413 Corinthus
839 354 984 414 diruitur:
1005 372 1088 445 popu·

106 426 154 489 lus
167 449 262 490 omma
274 431 444 490 subeoroua
456 430 604 523 venditur3
625 444 656 490 ut
669 431 724 491 hoe
738 433 869 511 exemplo
879 433 985 492 ceteris
998 443 1088 493 ormtt·
1137 432 1138 451 ¹

106 507 183 568 tibus
195 520 289 569 metus
301 527 443 569 novarum
456 512 563 570 rerum¹
575 520 778 589 rmponeretur.

256 669 303 727 ⁷⁷.
324 668 430 727 Attalo
442 666 582 745 desumto,
596 668 673 728 Asia
679 668 721 741 fit
734 668 942 749 Romamn.

434 746 550 829 (lustin
565 746 714 808 mvl.
730 748 772 824 4.)
881 804 884 809 ,

149 901 220 961 Non
233 901 272 961 ita
280 901 371 962 multo
383 903 540 981 postetiam
553 902 627 962 Asia
637 904 838 963 Romanorum
850 903 923 961 bota
933 914 984 962 est
1017 905 1091 962 Atta·

108 977 166 1039 lus¹
177 980 218 1039 ibi
232 980 465 1041 florentissimum
484 982 521 1040 ab
533 982 668 1041 Eumene
688 994 788 1059 patruo
802 994 952 1060 aooeptum
967 1000 1090 1059 regnum
1138 1000 1139 1005 ¹

107 1058 244 1118 (aedibus
256 1059 417 1119 amicorum
429 1071 457 1119 et
475 1071 664 1136 cognatorum
677 1059 827 1138 suppliciis
842 1060 981 1119 foedabat.
1026 1062 1091 1120 Post

107 1138 199 1197 multa
208 1136 317 1197 seelera
325 1138 486 1216 squalidam
499 1150 606 1197 vestem
615 1138 710 1206 sumit,
724 1139 842 1199 barbam
851 1138 1090 1217 capillumqueiu

107 1215 227 1275 modum
235 1236 351 1276 reorum
356 1218 505 1277 summittit
510 1218 529 1275 :⁸
540 1237 599 1276 non
607 1217 637 1275 in
647 1216 794 1295 publicum
805 1218 998 1295 prodire‚nou
1008 1236 1091 1295 popu·

108 1293 137 1355 lo
151 1315 184 1355 se
195 1297 352 1365 ostendere,
360 1316 418 1357 nou
429 1296 507 1357 domi
516 1296 635 1357 laetiora
644 1296 776 1356 convivia
784 1296 1091 1375 inireprorsusutpoe

107 1372 312 1433 nasseelerum
322 1374 604 1453 penderevideretur.
627 1373 1091 1451 Omissadeinderegmiadminis·
1139 1442 1140 1455 1

107 1454 236 1522 tratione,
246 1454 343 1513 hortos
356 1454 484 1523 fodiebat,
498 1454 633 1533 gramina
645 1454 809 1524 seminabat
823 1463 850 1513 et
863 1454 952 1511 noxia
965 1453 1091 1513 innoxiis
1139 1492 1140 1525 p

144 1532 303 1601 rmiscebat¹
326 1553 417 1611 eaque
434 1534 533 1593 omnia
553 1532 658 1593 veneni
676 1552 763 1593 suoeo
783 1532 895 1602 inbuta,
907 1533 991 1593 velut
1012 1552 1090 1610 pecu·

148 1629 181 1669 re
192 1628 308 1682 munus,
321 1612 424 1670 amieis
443 1612 576 1673 mittebat
618 1612 722 1671 Postea
735 1610 863 1669 aerariae
882 1610 954 1669 artis
969 1610 1090 1670 fabricae

107 1706 140 1747 aa
152 1686 274 1758 tradidit,
288 1690 419 1768 cerisque
431 1690 575 1768 fingendis
596 1701 623 1749 et
642 1708 709 1749 aere
722 1688 865 1749 fundendo
886 1700 915 1747 et
934 1689 1091 1767 procuden·
1139 1722 1140 1727 κ

108 1766 145 1825 do
166 1766 365 1828 oblectabatur.
415 1770 504 1831 Matri
524 1768 627 1829 deinde
655 1766 820 1846 sepulcrum
841 1768 938 1827 faeere
958 1768 1089 1827 instituit:

106 1844 403 1987 witti*
416 1845 1092 2006 tzittttttltfssttt‘ttffifitt

537 2200 658 2217 Μ

107 2003 192 2083 regni
205 2014 248 2065 est
260 2004 412 2068 institutus.
607 2076 612 2083 ‚

380 2324 414 2385 r.
436 2322 517 2385 uns
538 2322 822 2385 PARTHORUM

166 2440 169 2445 ’
263 2482 288 2540 1.
309 2479 490 2541 Panum
504 2481 641 2559 origiue.
683 2480 797 2563 (lustin
814 2480 899 2541 xm
919 2480 960 2559 1.)

115 2644 119 2649 ’
137 2635 269 2707 ,Parthi,⁴
278 2656 447 2716 penesquoa
459 2658 538 2698 nune
553 2638 680 2698 Orientis
689 2637 844 2715 imperium
857 2646 907 2705 est,
916 2636 1093 2717 Scytharum

107 2715 223 2792 exsules
236 2716 323 2779 fuere.
365 2714 431 2777 Hoc
445 2717 530 2775 etiam
539 2716 668 2795 ipsorum
676 2715 1017 2793 nominemanisestatu13
1028 2736 1094 2775 nam

109 2794 244 2875 Scythico
254 2815 387 2856 sermone
400 2796 514 2855 Portbi
521 2793 636 2853 exsules
646 2794 786 2855 dicuutur.
809 2796 852 2855 Hi
862 2804 889 2851 et
898 2794 1094 2873 Assyriorum

108 2882 136 2931 et
156 2865 310 2933 Medorum
329 2874 504 2952 temporibus
523 2874 598 2932 iuter
612 2873 737 2933 Orientis
758 2873 878 2953 populos
892 2873 1095 2932 obscurissimi

108 2950 229 3010 fuerunt
273 2954 377 3012 Postea
389 2971 503 3030 quoque
516 2972 607 3029 quum
616 2951 771 3029 imperium
781 2951 938 3011 Orientisa
949 2952 1051 3011 Medis
1060 2952 1095 3011 ad

110 3029 215 3107 Persas
227 3028 396 3089 translatum
409 3043 458 3101 est,
471 3028 560 3090 veluti
574 3031 681 3107 vulgus
694 3030 757 3088 sine
776 3030 900 3098 nomine,
913 3030 1027 3107 praeda
1040 3030 1096 3090 vio·

108 3118 203 3167 torum
214 3108 302 3169 fuera
345 3109 495 3169 Postremo
508 3108 714 3169 Macedonibus
733 3110 899 3168 servierunt.
919 3166 923 3173 ,
941 3112 973 3168 Α
988 3110 1096 3169 Roma·

107 3186 155 3245 nia
168 3197 271 3255 autern,
285 3186 361 3246 binis
373 3185 476 3256 bellis,⁸
483 3207 535 3266 per
543 3188 685 3246 maximos
695 3187 790 3255 duces,
801 3187 1015 3247 florentissimis
1029 3198 1096 3247 tem·
1140 3244 1141 3253 ,

108 3266 235 3343 poribus.
249 3264 381 3334 immiti,
394 3263 450 3325 soli
463 3286 500 3325 ex
513 3266 647 3328 omnibus
660 3266 793 3345 gentibus
805 3284 864 3327 oon
876 3282 962 3345 pares
979 3266 1095 3337 solum!

81 3399 93 3421 ,
109 3363 212 3407 retum
224 3343 311 3405 etium
323 3345 445 3405 victores
457 3344 544 3405 fuere

206 3554 209 3564 ·
275 3526 302 3581 2
324 3522 505 3582 pentoma
518 3542 617 3581 mores.
657 3522 771 3605 (lustin.
787 3520 870 3583 XLI.
885 3520 927 3599 2.)

150 3673 367 3752 Administratio
381 3675 475 3751 gentis
494 3687 557 3753 post
576 3676 762 3737 defectionem
782 3677 965 3739 Macedonici
979 3680 1093 3760 impenr

112 3746 167 3805 sub
178 3750 295 3823 regibus
302 3750 367 3812 fuit·
404 3752 561 3813 Proximus
573 3755 692 3835 regibus
704 3755 805 3835 popuii
824 3755 894 3817 ordo
907 3768 965 3817 est:
988 3780 1029 3820 er
1041 3760 1094 3821 boe
