2300 4059
72 28 124 91 id·
161 39 164 44 ’
224 82 227 89 .
278 26 344 99 -vl
367 48 406 91 or
419 44 486 98 atta
501 29 829 95 otoorrrrtrorr'nr

72 184 199 245 Orientis
218 184 300 247 bella.
311 186 474 247 conficiunt.
517 188 607 247 rotas
626 186 705 246 acies
723 193 913 263 manunt.
929 194 1065 265 ‚arum

92 262 245 333 soterum„
268 267 377 341 Ingens
398 264 530 332 dentibus·
553 265 685 342 pretium
719 265 766 334 ln
783 264 910 330 Graecia
919 265 1004 335 ,ebur
1022 261 1064 323 ad

71 283 192 413 deorum
205 343 361 421 simulacra
381 353 517 421 tanquam
530 343 736 421 pretiosissima
748 341 866 403 materia
878 342 1033 402 adhibetur
1042 342 1063 418 3¹

72 421 104 481 iu
117 422 250 481 extremis
261 422 378 489 Africae
391 422 515 499 postium
525 424 619 481 vicem
631 422 663 479 in
672 420 825 479 domiciliis
833 420 956 498 praebet,
963 438 1068 497 sapw-

71 518 128 577 qua
141 500 172 557 iu
185 518 322 576 pecorum
335 501 454 560 stabulis
468 500 687 577 elephantorum
703 499 834 562 dentrhus
856 500 935 559 liunt
978 500 1063 558 Inter

71 578 169 637 omnia
181 578 319 637 animalia
331 580 458 638 maxime
471 578 591 655 oderupt
603 578 725 638 murem.
768 574 892 637 infestus
905 573 1065 655 elephanto
1104 624 1107 629 .

71 656 158 715 etiam
170 656 344 726 rhinoceros,
355 659 405 735 qui
418 667 522 717 nomen
534 658 619 717 habet
630 678 649 717 a
661 676 759 724 comta
767 655 843 733 quod
853 658 885 716 in
893 676 965 715 naso
974 657 1063 733 gerit

74 736 110 795 In
123 754 221 813 pugna
233 736 360 815 maxime
372 731 530 811 adversarii
543 735 643 795 alvum
655 736 834 813 petit·quam
845 736 899 799 scit
912 754 975 795 esse
987 733 1066 793 mol·

72 813 182 873 liorem
225 816 421 893 longitudine
434 814 619 893 elephantum
628 815 688 873 fere
696 824 851 891 exaequat;
870 833 957 873 eruta
966 812 1065 873 multo

65 892 218 967 ¹breviorem
240 894 319 953 color
330 894 451 953 buxeus.
530 924 540 945 .·
700 950 704 956 ,
868 903 876 941 ἰ
1012 962 1016 966 ,

102 974 158 1031 59.
179 972 278 1031 Etiam
290 973 423 1051 psittacos
438 971 522 1031 India
534 971 626 1044 mittit.
648 972 744 1031 Haec
754 972 816 1031 avis
823 970 965 1029 humanas
972 989 1068 1029 voces

73 1051 178 1129 eptime
192 1050 289 1111 reddit.
327 1054 428 1113 Quum
442 1050 521 1128 loqui
535 1048 624 1119 discit
635 1050 727 1109 ferreo
737 1031 817 1109 radio
827 1050 1000 1117 verberatur,
1008 1049 1066 1118 ali-

72 1139 115 1189 ter
128 1130 206 1187 enim
217 1128 277 1189 ‘uon
290 1132 373 1191 sentit
386 1128 465 1190 ictus.
490 1134 492 1137 ’
509 1130 606 1207 Capiti
619 1130 682 1205 ejus
694 1128 796 1187 eadem
808 1141 850 1186 est
864 1127 975 1197 duritia,
983 1146 1066 1204 quae

73 1218 172 1267 rostro.
217 1212 318 1272 Quum
332 1208 450 1279 deuolat,
465 1220 556 1267 rostro
570 1227 602 1267 se
615 1206 736 1284 excipit,²
744 1208 829 1284 eique
841 1208 977 1267 innititur.

113 1290 159 1347 60.
183 1288 356 1347 Testudines
376 1296 470 1347 tantae
485 1282 701 1366 magnitudinis
713 1286 846 1347 indicum
859 1304 940 1344 mare
952 1284 1066 1355 emittit,

18 1419 26 1433 ,
73 1376 104 1423 ut
118 1363 301 1442 singularum
314 1368 391 1427 testis
405 1386 487 1425 casas
500 1364 637 1442 integant.
680 1364 795 1425 Insulas
812 1364 892 1423 rubri
905 1364 1066 1441 praecipue

73 1446 162 1503 maris
183 1444 229 1509 his
249 1442 316 1509 navi
357 1456 386 1503 nt
407 1446 537 1525 cymbis.³
573 1444 742 1521 Capiuntur
762 1442 1003 1517 obdormiscentes
1029 1442 1067 1502 in

72 1534 186 1581 summa
199 1526 311 1607 aquai
343 1523 419 1599 quod
433 1522 561 1600 proditur
575 1524 752 1594 stertentium
770 1522 872 1581 sonitu.
916 1523 994 1581 Tum
1007 1532 1078 1591 ter·,

73 1599 114 1659 ui⁴
126 1599 269 1669 adnatant,
284 1620 301 1659 a
312 1602 423 1681 duobus
433 1602 464 1661 in
473 1600 592 1672 dorsum
605 1598 730 1675 vertitur,
739 1622 757 1659 a
770 1600 851 1680 tertio
865 1598 984 1677 laqueus
997 1600 1066 1675 inji-

73 1678 154 1747 citur,
169 1690 253 1755 atque
266 1682 305 1741 ita
316 1679 475 1757 apluribus
489 1682 520 1739 in
528 1679 621 1740 littore
630 1676 768 1739 stantibus
780 1680 910 1739 trahitur.
953 1679 988 1737 In
1002 1696 1067 1737 ma·

74 1758 99 1815 ri
113 1756 267 1819 testudines
280 1758 442 1837 conchyliis
455 1760 568 1837 vivunt3
589 1771 666 1837 tanta
684 1759 763 1817 enim
776 1759 835 1823 oris
848 1768 890 1816 est
904 1756 1016 1825 duritia,
1030 1768 1067 1815 ut

18 1842 21 1847 '
73 1826 183 1913 lapides
204 1838 415 1914 comminuant;
444 1839 602 1897 interram
622 1854 764 1913 egressae,¹
785 1836 889 1895 herbis.
938 1827 1071 1895 Pariuuf

73 1919 135 1983 tiva,
159 1916 224 1975 ovis
241 1918 347 1976 avium
363 1916 477 1985 similia,
489 1915 537 1987 ad
558 1917 686 1984 ceuteua⁵
707 1916 843 1992 numer03
873 1934 965 1993 eaque
979 1922 1067 1975 extra

72 1994 302 2071 aquamdefossa
315 1995 580 2072 terracooperiunt.
672 2024 676 2030 -
1020 2019 1023 2024 ·
1141 1994 1146 2001 ⁴

108 2076 158 2145 ¹61.
182 2072 361 2151 Margaritae
375 2074 468 2134 lndici
482 2074 592 2152 Oceani
611 2074 743 2133 omnium
760 2072 887 2134 maxime
899 2070 1065 2139 laudantur.

75 2150 264 2213 Inveniuntur
278 2153 309 2223 ip
322 2152 449 2223 conchis,
460 2151 587 2229 scopulis
600 2152 826 2211 adhaerentibus.
857 2151 988 2210 Maxima
995 2150 1067 2214 laus

73 2240 117 2286 est·
135 2228 165 2286 in
186 2228 542 2305 candore‚·1nagnitudine‚
565 2230 686 2299 laevore.
713 2229 845 2307 pondere.
865 2262 870 2272 ·
887 2230 969 2287 Raro
987 2228 1069 2291 dine

74 2308 265 2376 inveniuntur,
275 2309 411 2383 quaesibi
424 2304 460 2366 ex
469 2311 548 2369 omni
561 2321 641 2386 parte
649 2310 706 2367 siut
718 2304 836 2369 similes.
868 2311 934 2369 Has
941 2308 1067 2367 auribus

74 2381 444 2461 suspenderepfeminarum
464 2398 506 2446 est
527 2386 638 2465 gloria!
676 2389 764 2447 Duos
780 2386 922 2445 maximos
940 2386 1069 2462 uniones

76 2462 235 2539 Cleopatra,
257 2464 388 2543 Aegypti
402 2464 511 2541 regina,
526 2465 663 2525 habuisse
679 2465 792 2525 dicitur:
832 2466 949 2525 Horum
961 2485 1067 2535 uuum,

55 2558 60 2567 ·
75 2552 105 2599 ut
119 2540 289 2603 Antonium⁷
311 2543 525 2619 magnificentia
546 2549 700 2622 superaret¹
723 2544 754 2603 in
774 2564 865 2603 coena
877 2551 956 2611 aceto
970 2541 1067 2615 soluit,

74 2620 200 2679 solutum
214 2620 331 2681 hausit*
923 2651 926 2655 ·
961 2620 985 2683 s
1090 2661 1094 2667 -

114 2702 159 2757 62.
182 2703 342 2779 Aegyptus,
372 2698 447 2760 inter
477 2700 709 2767 Catabathmum8
737 2705 764 2760 et
792 2700 906 2759 Arabas
924 2700 1024 2777 posita,
1038 2718 1070 2760 'a

75 2776 207 2854 plurimis
217 2779 253 2837 ad
263 2780 367 2841 Asiam
373 2780 508 2856 refertum
523 2778 574 2839 alii
583 2779 822 2840 Asiam'Arabico
836 2778 902 2843 sinu
916 2778 1070 2839 tenninari

75 2855 243 2935 existimant.
280 2862 363 2919 Haec
377 2858 469 2934 regio,
477 2876 652 2934 quamquam
665 2857 766 2935 expers
781 2868 823 2916 est
835 2856 979 2931 imbrium,
988 2857 1070 2917 mire

74 2945 225 2993 tarnenest
238 2936 344 2995 fertilis.
388 2938 455 2995 Hoc
469 2934 559 2994 Nilus
576 2936 669 3006 efficit,
685 2935 821 2995 'omnium
836 2935 997 3002 fluviorum,
1011 2935 1070 3011 qui
1125 2990 1130 2998 .

76 3013 107 3071 in
129 3034 209 3071 mare
230 3012 375 3073 internum
397 3012 589 3082 effunduntur,
611 3015 791 3079 maximuss
808 3015 867 3074 Hic
891 3014 921 3073 in
944 3010 1070 3083 desertis

77 3091 194 3151 Africae
207 3092 303 3161 oritur,
324 3103 387 3151 tum·
400 3089 436 3151 eir
449 3093 604 3170 Aethiopia
617 3092 760 3153 descendit
773 3091 805 3151 in
817 3096 864 3153 Ae
937 3112 994 3161 um,
1012 3094 1069 3155 ubi

77 3169 112 3228 de
124 3169 188 3229 altis
202 3166 321 3247 rupibus
334 3171 543 3260 praecipitatus⁹
562 3192 654 3248 usquo
675 3171 713 3230 ad
725 3170 881 3249 Elephanti
900 3190 948 3229 em
960 3173 1070 3232 arbem

76 3248 188 3309 servans
209 3248 305 3311 adhuc
328 3248 458 3307 decurrit.
502 3250 581 3309 Turn
603 3250 719 3309 demum
740 3250 770 3307 fit
791 3248 935 3327 placidior.
976 3251 1070 3309 Juxta

79 3326 268 3388 Cercasorum
281 3327 418 3405 oppidum
431 3328 466 3385 in.
475 3328 571 3405 plures
580 3350 682 3389 amnes
694 3328 873 3398 dividitur,et
885 3327 999 3387 taudem
1011 3348 1069 3407 por

77 3416 184 3482 septem
198 3408 267 3477 οηιο
280 3405 435 3465 effunditur
443 3406 482 3469 -in
492 3414 578 3479 mare.
644 3428 647 3435 ·

87 3536 89 3543 .
117 3486 162 3541 63.
181 3483 281 3553 Nilus,
302 3484 418 3543 nivibus
432 3484 463 3542 in
477 3482 648 3562 Aethiopiae
659 3486 803 3545 montibus
816 3485 923 3553 solutis,
933 3502 1070 3554 erarem

24 3584 28 3592 ·
78 3559 136 3619 in'ci
156 3562 175 3619 it
191 3562 363 3621 Lunanova
376 3572 436 3638 poet
459 3560 611 3629 solstitium
632 3562 904 3641 per‘quinquagina
916 3564 975 3624 fere
989 3562 1068 3641 ὤας

62 3702 64 3707 ,
76 3580 303 3701 totidomotobus
316 3639 462 3699 minuitur.
503 3640 519 3699 J
521 3650 619 3717 ustum
631 3643 838 3702 incrementum
850 3653 893 3701 eet
901 3642 1070 3707 cubitorum
