2300 4059
8 694 10 713 l

104 109 125 169 2
316 127 452 169 nsonurr
467 125 625 170 nnnonmr
640 125 682 168 rr
696 126 873 170 russanen.

106 420 223 483 Qnrbus
242 420 319 488 risis,
349 420 515 496 indignatus
535 421 671 490 Arbores,
699 431 738 479 tot
758 423 834 480 viros
854 422 923 481 huic
952 422 1085 482 feminae¹

103 516 213 577 parere,
227 517 340 556 omnem
354 517 416 560 rem
429 498 466 557 ad
479 499 588 570 unicos
602 499 703 568 retulit,
718 503 871 576 negatque⁹
883 519 916 558 se
928 501 954 558 ei
968 499 1086 558 obedire

103 595 195 665 pom,
209 576 259 653 qui
272 595 305 634 se
318 577 453 636 feminam
467 596 530 636 esse
543 577 624 636 malit
636 597 724 654 quam
736 577 839 636 virum
863 579 912 638 Fit
921 578 1010 654 igitur
1020 597 1085 636 con-
1144 631 1145 634 ,

8 674 9 685 ’
99 650 214 731 juratio.
255 655 375 716 Bellum
389 654 582 732 Sardanapalo
596 656 722 715 infertur.
766 657 834 717 Quo
849 655 898 716 ille
911 657 1015 724 audito,
1030 658 1086 733 pri-
1144 667 1145 720 ξ

103 750 193 802 mum,
216 741 248 790 ut
260 732 397 791 mulieres
411 731 510 800 solent,
535 732 656 792 latebras
670 734 878 812 circumspicit3
893 740 968 793 'mox
982 734 1086 792 deinde
1144 789 1145 806 ,

8 838 9 878 t
103 829 180 870 enm-
192 811 293 888 paucis
313 823 340 869 et
365 810 560 889 incompositis
573 812 605 870 in
627 810 736 871 bellum
749 811 938 890 progreditur.
982 813 1086 872 Victus
1144 813 1145 822 ’

8 900 9 907 ’
103 887 212 966 proelio
225 889 256 948 in
270 890 382 965 regiam
402 908 435 948 ss
455 889 562 966 recipit,
575 890 633 958 ubi,
648 891 789 949 exstructo
809 892 984 967 incensoque
1005 909 1086 966 rogo,

103 966 341 1106 militibus
354 967 385 1026 in
399 967 531 1028 flammas
544 967 671 1049 conjicit;
692 968 748 1028 hoc
762 967 823 1028 solo
843 967 969 1029 facinore
989 968 1087 1028 virum

104 1061 114 1102 r

172 1441 207 1501 B.
230 1442 421 1502 REGNUM
441 1441 663 1502 MEDORUM
682 1441 741 1502 ΕΤ
769 1441 1018 1533 PEquRUM.
1069 1447 1072 1456 '
1135 1389 1145 1448 'l

375 1614 398 1669 1.
420 1613 573 1688 Astyages.
596 1613 807 1696 (Justin.1.4.)

144 1771 338 1851 Sardanapalo
358 1773 469 1837 sublato
491 1793 581 1852 quum
602 1775 731 1836 Arbaces
751 1794 803 1835 rex
815 1783 890 1835 esset
911 1775 1088 1845 constitutus,

104 1850 260 1930 imperinm
273 1852 309 1917 ab
318 1851 452 1931 Assyriis
460 1852 496 1911 ad
510 1852 613 1912 Medos
622 1852 791 1913 translatum
806 1865 855 1914 est.
898 1854 970 1912 Post
982 1853 1090 1912 multos

104 1929 208 1989 deinde
234 1950 319 2008 reges
338 1929 374 1989 ad
395 1934 450 1990 Ast
526 1951 556 1990 m
578 1930 740 1990 descendit.³
782 1933 842 2004 Hic
862 1930 1018 2008 aliqnando
1038 1951 1090 2008 per
1144 1967 1145 2000 ,

105 2026 241 2067 somnum
253 2009 324 2068 vidit
337 2028 354 2068 e
367 2009 434 2068 sinu
480 2009 525 2067 iae
538 2009 713 2078 Mandanes,
729 2010 947 2086 quam'unicam
959 2009 1088 2079 habebat,

105 2087 193 2146 vitem
203 2088 333 2157 enatam,⁴
346 2088 429 2166 cujus
442 2086 558 2166 palmite
572 2087 666 2146 omnis
677 2087 749 2146 Asia
759 2089 985 2148 obumbraretur.
1015 2089 1091 2147 Con·

106 2165 175 2225 sulti
195 2163 308 2234 harioli,
329 2168 379 2242 qui
400 2160 512 2224 somnia
532 2165 795 2245 interpretabantur,
814 2165 1029 2244 responderunt,
1043 2187 1091 2226 ne

105 2239 201 2322 potem
214 2242 279 2320 regi
292 2262 329 2301 ex
342 2242 402 2301 filia
414 2255 515 2302 natum
528 2244 572 2312 iri,
595 2245 645 2321 qui
662 2263 753 2324 regno
766 2246 903 2322 potiretur
917 2264 1091 2322 omnemque

107 2322 211 2381 Asiam
224 2321 376 2397 subigeret
420 2323 488 2382 Hoc
501 2341 638 2401 responso
652 2323 824 2401 perterritus,
843 2325 989 2400 Astyages
1000 2323 1092 2384 filiam

109 2399 202 2459 Camb
223 2398 249 2457 ,ἰ
269 2398 301 2456 iu
320 2399 535 2463 matrimonium
554 2401 638 2469 dedit,
660 2401 812 2460 mediocris
825 2399 956 2460 fortunae
969 2397 1042 2472 viro,
1057 2421 1092 2460 ex

106 2486 192 2555 gente
233 2495 371 2546 erearum,
382 2496 455 2554 quae
468 2488 536 2536 tunc
545 2479 680 2570 temporis
693 2479 783 2538 nullis
796 2479 891 2538 adhuc
901 2480 987 2540 rebus
1003 2481 1092 2557 gestis

106 2555 321 2617 illustrabatur.⁵
366 2553 423 2616 Sed
442 2575 480 2613 ne
500 2558 542 2619 sic
562 2558 679 2636 quidem
698 2557 734 2617 ab
754 2558 842 2619 omni'
854 2567 933 2618 metu
953 2557 1093 2620 liberatus

8 2679 9 2688 .
107 2644 157 2696 eat.

370 2797 398 2854 2..
421 2794 495 2870 Gyri
508 2793 632 2859 natales.
651 2793 736 2876 (ibid.
753 2795 775 2854 1.
792 2794 832 2873 4.)

151 2949 253 3008 Quum
266 2946 361 3024 itaque
374 2946 519 3006 Mandane
532 2967 655 3027 puerum
668 2948 831 3026 peperisset,
855 2949 1003 3026 Astyages
1025 2967 1095 3007 cum

111 3027 263 3102 Harpago,
273 3045 445 3084 arcanorum
458 3045 579 3086 suorum
629 3028 728 3106 rticipi,
740 3026 928 3086 occidendum
942 3025 1025 3084 dedit.
1064 3028 1096 3086 Is

110 3102 225 3174 veritus,
245 3123 283 3162 ne
297 3103 442 3163 Mandane
452 3105 578 3182 aliquan
600 3124 616 3162 o
635 3106 728 3164 necati
741 3105 855 3181 infantis
869 3104 1009 3163 ultionem
1023 3125 1040 3162 a
1063 3125 1096 3164 se

111 3182 246 3258 exigeret,
274 3176 380 3261 pastori
410 3183 484 3259 regii
504 3185 615 3260 pecoris
635 3203 758 3261 puerum
778 3181 979 3260 exponendum
999 3181 1093 3242 tradit.

111 3259 201 3323 Forte
213 3258 313 3318 eodem
325 3272 452 3338 tempore
473 3271 499 3319 et
520 3261 576 3338 ipsi
590 3264 696 3338 pastori
713 3263 790 3321 filius
804 3271 887 3320 natus
907 3270 974 3318 erat.
996 3261 1095 3336 -Ejus

111 3339 202 3416 igitur
210 3358 291 3407 uxor,
301 3339 397 3398 audita
406 3338 480 3416 regii
493 3339 609 3399 infantis
619 3341 800 3418 expositione,
811 3341 945 3398 maritum
958 3339 1095 3415 precrbus

26 3433 29 3437 ’
111 3417 210 3508 morit,
224 3426 255 3474 ut
267 3417 322 3477 sibi
336 3417 448 3476 afferret
461 3418 675 3496 ostenderetque
687 3438 817 3510 puerum.
855 3417 948 3508 Cujus
957 3417 1095 3506 precibus

98 3494 247 3573 -fatrgatus
260 3506 356 3573 pastor
369 3516 503 3556 reversus
516 3499 549 3557 in·
559 3495 671 3566 silvam,
682 3509 763 3574 Juxta
776 3496 911 3555 infantem
925 3505 1036 3553 invenrt
1050 3515 1096 3553 ca-

112 3592 188 3643 nem,
203 3574 291 3633 ubera
304 3575 424 3650 parvulo
437 3577 625 3652 praebentem,
649 3587 675 3634 et
697 3597 715 3634 a
736 3576 803 3636 feris
816 3573 986 3654 alitibusque
1001 3571 1096 3632 delen·

115 3650 234 3710 dentem
276 3653 374 3715 Motus
395 3664 422 3711 et
444 3653 506 3730 ipse
524 3653 727 3723 misericordia,
741 3673 799 3730 qua
819 3671 919 3713 canem
932 3661 1042 3711 motam
1056 3653 1096 3712 vi·

115 3725 212 3823 derat
230 3747 354 3806 puerum
372 3731 460 3790 defert
479 3731 516 3790 ad
535 3731 653 3802 stabula,
684 3731 784 3793 eadem
803 3747 880 3794 cans
893 3729 980 3792 anxie
998 3749 1099 3810 prosa-

103 262 222 400 pqm‘tus,
231 265 355 323 venisset
367 264 475 324 invenit
487 283 555 323 enm
567 265 641 324 inter
653 265 807 324 muliorum
823 243 1085 344 gregesbruliebri
1144 293 1145 330 ς

143 341 212 412 bau,
226 341 324 402 lanam
341 353 514 411 tractantem,
542 353 569 401 et
598 361 687 420 pensa
712 343 873 420 virginibus
902 343 1084 404 dividentem.
1144 389 1145 394 ,
