2300 4059
451 81 511 123 ΙΙΙ
524 79 784 123 mil-illim!-

263 263 793 373 scarttaginienitaaialiapmia
806 300 979 375 impensu.
1039 287 1053 355 ⁵.

306 407 312 417 ,
438 376 702 459 tsuamxmv.
718 377 777 455 m
843 460 847 468 ⁵

163 533 278 592 Mature
292 532 548 611 carthaginienses
567 534 724 615 imperium
743 532 907 611 Hispaniae
922 556 1109 613 occuparem

124 611 204 671 Nam
216 620 308 689 quum
322 612 490 671 Gadimai¹a
500 614 590 691 Tyra
600 613 713 671 undeet
723 612 1024 689 Carthaginiensibus
1033 614 1076 673 ori
1095 636 1111 675 o

122 700 172 760 est,
185 708 268 749 sacra
283 691 424 753 Herculis
436 692 467 749 in
482 691 657 769 Hispaniam
665 690 884 767 mannulissent,
893 694 1064 770 urbemque
1076 638 1111 754 lla

121 768 321 840 condidissent,
335 770 448 829 finitimi
463 770 646 830 incrementis
659 791 752 831 novae
764 771 845 829 urbis
857 770 1037 840 invidentes,
1059 772 1111 831 Ga

120 846 233 907 ditanos
251 848 332 907 belle
343 848 554 910 lacessiverunt
598 850 832 927 consanguineis
847 850 1110 926 Carthaginienses

120 926 264 986 auxilium
277 928 426 988 marum
458 928 502 987 lbi
515 927 593 987 felici
607 929 785 1005 expeditione
801 938 827 986 et
841 929 1011 987 &dueum
1024 930 1062 989 ab
1074 931 1110 987 in·
1144 930 1145 963 l

115 1004 196 1081 juria
205 1006 428 1078 vindicaverunt,
438 1017 465 1066 et
474 1007 614 1083 majorem
627 1018 737 1088 partem
748 1007 910 1089 Hispaniae
921 1008 1054 1086 imperio
1062 1028 1111 1069 suc

119 1083 291 1161 adjecerunt.
328 1087 432 1145 Postea
444 1104 566 1163 quoque,
575 1086 705 1146 hortante
718 1087 829 1165 primae
842 1087 1042 1164 expeditionis
1053 1107 1111 1145 suc-

119 1182 212 1233 cessu,
227 1164 427 1223 Hamilcarem
440 1164 642 1254 imperatorem
655 1185 722 1225 cam
736 1186 842 1242 magna
858 1184 951 1224 manu
975 1166 1016 1224 ad
1030 1187 1110 1229 occu·

118 1242 244 1319 pandam
257 1243 435 1322 provinciam
447 1262 561 1311 misere,
570 1243 629 1321 qui,
643 1244 758 1321 magnis
768 1248 853 1303 rebus
862 1245 961 1321 gestis,
975 1244 1050 1303 duin
1060 1246 1109 1303 sor·

118 1331 219 1381 tunam
227 1321 418 1382 inconsultius
426 1320 562 1399 sequitur,
570 1322 601 1381 in
610 1321 731 1384 insidias
739 1322 875 1381 deductim
884 1322 1040 1384 occiditur.
1076 1325 1108 1382 ln

117 1397 205 1477 hujus
219 1399 316 1460 locum
329 1420 419 1478 gener
432 1402 523 1479 ipsius
546 1401 713 1460 Hasdrubal
734 1402 868 1476 mittitur,
889 1402 941 1478 qui
964 1413 994 1461 et
1019 1402 1108 1480 ipses

117 1492 202 1539 terve
211 1480 338 1557 Hispani
348 1480 505 1556 cujustlam
514 1478 671 1539 ulciscente
681 1480 790 1539 domini
798 1481 936 1557 injustam
943 1500 1059 1548 necem,
1069 1482 1108 1539 in·

117 1557 250 1623 terfectus
256 1568 306 1629 est,
348 1559 444 1633 Major
451 1570 573 1635 utroque
584 1558 741 1629 Hannibal,
753 1557 935 1619 Hamilcaris
943 1558 1036 1629 filius,
1046 1580 1108 1619 snc-

116 1635 208 1695 ocssit.
240 1636 486 1707 ⁴Hicaniversam
496 1637 671 1715 Hispaniam
680 1638 805 1713 domuit;
827 1637 895 1697 inde
908 1636 990 1698 bello
1001 1641 1108 1698 Rorna-

116 1712 259 1783 nlsillsto,
276 1714 389 1774 ltaliam
399 1734 451 1795 per
460 1735 554 1774 annos
562 1716 708 1777 sexdecim
717 1716 805 1775 variis
814 1714 948 1775 cladibus
958 1717 1107 1794 fatigavit;

116 1810 208 1871 quum
217 1794 326 1864 interea
334 1794 468 1863 Romani,
477 1796 576 1856 missis
584 1796 614 1853 in
624 1794 797 1875 Hispaniam
803 1796 1000 1873 Scipionibus,
1011 1797 1109 1873 primo

117 1872 233 1932 Poenos
241 1874 389 1952 provincia
398 1872 577 1952 expulemnt
585 1886 681 1953 postea
692 1894 758 1935 cum
767 1873 836 1951 ipsis
848 1874 994 1953 Hispanis
1003 1876 1108 1951 gravia

115 1950 359 2029 bellagesserunt.
389 1944 454 2013 Nec
462 1954 544 2031 prius
553 1954 681 2031 Hispani
686 1957 791 2033 jugum
800 1964 953 2031 potuerunt
962 1954 1106 2045 accipere,

116 2047 204 2107 quam
218 2032 503 2107 Caesaraugustae,
512 2032 670 2111 perdomito
684 2034 752 2093 orbe
764 2043 915 2100 terrarum,
926 2033 1061 2093 victricia
1070 2033 1108 2093 sd

115 2117 259 2181 eosarma
263 2110 412 2181 transtulit,
422 2110 619 2190 populumque
628 2111 783 2195 barbarum
792 2123 817 2170 et
831 2112 934 2180 ferum,
943 2110 1107 2188 legibusad

115 2187 247 2272 cultioris
255 2190 331 2250 vitae
342 2207 428 2249 usam
442 2190 613 2260 traductum,
623 2190 657 2251 in
666 2190 789 2251 formam
802 2190 969 2271 piovinciae
983 2190 1106 2269 redegit.

106 2524 109 2529 ι
177 2490 184 2552 ¹.

114 2641 147 2695 ¹³·
175 2679 183 2744 ’.
215 2671 217 2698 ²
304 2651 308 2657 “
361 2698 382 2753 ι.
399 2673 486 2781 ‘aas
507 2657 854 2753 massmannum

167 2918 202 3007 l.¹
212 2914 408 2994 Pboceecmcs
421 2911 589 2973 Massiliam
604 2904 734 2983 madunt.
776 2914 859 2995 (Just.
874 2912 995 2973 X'Llld.
1012 2915 1056 2992 a)

156 3062 351 3149 Temporibus
360 3059 516 3148 Tarquinii
525 3070 655 3149 Superbi,
667 3072 869 3143 Romanorum
877 3060 963 3145 mgis,
971 3088 1011 3129 ex
1025 3071 1107 3130 Asia

116 3148 351 3213 Phocaeensium
364 3152 507 3228 juventus,
545 3219 550 3221 ἡ
576 3150 620 3209 ria
639 3150 768 3227 profuga,
783 3146 948 3209 Mamiliam
960 3141 1038 3223 inter
1054 3151 1108 3211 Li-

116 3230 216 3311 gures*
234 3228 351 3288 etseras
372 3241 473 3307 gentes
547 3228 642 3287 lorum
655 3228 786 3296 condidit,
809 3238 844 3295 et,
864 3224 934 3286 dum
954 3246 988 3287 se
1008 3229 1108 3289 armis

115 3306 254 3370 adiciens
276 3306 423 3369 Gallicam
435 3307 572 3368 feritatem
585 3317 708 3378 tuentur,
731 3324 853 3384 magnas
874 3325 922 3371 ree
935 3318 1104 3385 l‘gesserunt

118 3388 216 3449 Duces
236 3384 338 3447 classis
358 3382 453 3447 Simos
467 3397 494 3444 et
513 3386 611 3445 Proti's
628 3382 749 3445 foenum.
791 3385 836 3445 Hi
849 3402 950 3461 regem
962 3387 1107 3464 Segobei

116 3466 239 3539 giorum,
262 3467 404 3525 Nannum
423 3464 547 3530 nomine,
567 3464 599 3521 ia
619 3465 702 3541 cujus
722 3466 828 3524 finibus
848 3464 950 3523 urbem
971 3465 1106 3527 condere

116 3544 280 3616 gestiebant,
301 3543 479 3601 conveniunt.
521 3542 608 3599 Forte
628 3562 662 3601 eo
683 3542 729 3603 die
750 3563 801 3602 rex
823 3553 980 3621 occupatus
998 3543 1029 3603 in
1051 3565 1109 3624 ap-

116 3630 218 3693 paratu
230 3621 396 3696 nuptiarum
410 3619 515 3696 Gyptis
528 3617 606 3677 filiae
623 3633 695 3698 erat;
717 3642 804 3699 quam
813 3641 894 3681 more
908 3621 1012 3698 gentis,
1026 3622 1110 3684 elec-

116 3703 146 3753 to
158 3695 230 3755 inter
243 3696 343 3773 epulas
356 3716 471 3774 genero,
484 3706 607 3775 nuptum
619 3699 731 3760 tradere
744 3699 816 3761 illic³
824 3700 953 3784 parabat
998 3703 1111 3781 Itaque
