2300 4059
328 128 334 136 ·
421 98 757 148 memmimus
858 112 878 145 .·

145 470 149 475 ’
275 448 279 456 ’
330 491 364 553 o.
385 491 466 553 nas
486 487 843 553 nnnnnmnstu-at

135 655 160 755 l.
181 650 586 738 Δίήιπὶωὴποήρίκωα
596 650 793 727 priningar.
835 649 922 731 (Just
939 648 974 709 11
1000 648 1045 729 ὃ.)
1073 668 1078 675 ’

131 800 327 863 Athenienses
339 820 398 861 non
411 800 508 861 solnm
521 798 715 859 incrementis¹
730 795 800 867 suis,
810 796 859 857 aed
874 798 960 858 etianr
970 796 1088 875 origine

92 878 261 959 glorianter.
303 882 377 940 Noa
387 880 466 939 enirn
478 900 498 939 a
509 878 644 937 sordidia'
653 878 741 937 initiis
755 896 879 949 crevere,
900 888 963 937 nee·
970 898 1010 937 ex
1023 877 1088 938 aliis

92 961 263 1037 reginibus
276 959 460 1030 advenerant,
473 957 526 1019 sed
538 958 640 1017 eodem
650 958 740 1017 innati
753 956 835 1027 solo?
849 958 926 1035 qnod
941 957 1085 1035 incoluat;

92 1048 121 1099 et
132 1059 208 1117 qaae
221 1040 282 1101 illis
293 1040 387 1111 sedes,
400 1039 500 1100 eadem
514 1038 598 1116 origo
611 1050 661 1097 est
704 1036 797 1096 Primi
812 1037 932 1097 lanificii
942 1049 970 1095 et
979 1036 1087 1095 olei-et

92 1118 165 1179 vion
177 1139 264 1181 natm
278 1118 407 1178 docuere
450 1122 549 1178 Arare
559 1134 674 1195 qnoque
688 1127 715 1175 et
727 1135 824 1176 serere
838 1117 994 1175 frumenta⁶
1008 1114 1088 1192 glan·

92 1196 161 1270 dn
179 1198 370 1259 veaoeadbns'
391 1208 594 1257 monstrarunt.
638 1198 764 1257 Litterae
790 1208 866 1255 certe
886 1214 920 1255 ac
942 1194 1086 1263 sanandis.

93 1275 222 1355 lagae
234 1276 330 1339 civilis
343 1277 506 1355 disciplina⁸
526 1275 615 1335 edati
636 1276 775 1355 ternplum
796 1274 928 1335 Athenas
948 1274 1085 1333 habuere.

94 1359 175 1417 naa
189 1355 379 1417 Deucalionis
391 1372 522 1435 tempora
534 1374 635 1433 regern
649 1354 777 1415 habuere
792 1356 956 1431 Cecropem
961 1374 968 1431 ;
990 1372 1087 1431 quern,

92 1446 130 1495 nt
144 1436 239 1495 omna
257 1436 412 1514 antiquitas
439 1434 569 1497 fabulosa
597 1446 645 1503 est,
674 1434 826 1494 biformem
846 1432 996 1503 tradidere,
1018 1431 1087 1509 qnia

92 1514 208 1593 primns
227 1533 338 1573 marem
359 1514 484 1574 feminae
502 1514 688 1574 matrimonio
705 1512 806 1590 junxit
851 1513 931 1571 Huic
947 1512 1086 1571 successit
1138 1582 1139 1585 Ἴ

94 1593 240 1662 emata
262 1593 347 1670 crrjus
359 1594 420 1655 filia
435 1594 534 1653 Atthis
548 1593 662 1671 regioni
675 1610 781 1651 nornen
795 1590 878 1650 dedit.
922 1592 993 1651 Post
1007 1592 1086 1649 hana

14 1725 15 1730 ,
94 1672 294 1749 Amphictyon
307 1672 446 1749 regnarit,
456 1672 507 1750 qni
517 1671 630 1750 primus
642 1673 792 1733 Minervae
802 1670 905 1731 urbem
918 1669 1049 1739 sacrarit,
1060 1679 1088 1728 et

64 1814 65 1817 ,
93 1770 201 1811 nomen
221 1750 329 1810 civitati
349 1751 483 1811 Athenas
498 1750 582 1809 dedit
612 1751 727 1827 ¹Hujus
747 1750 923 1827 temporibus
943 1766 1089 1839 aquarum

94 1829 213 1891 illuvias
224 1830 366 1907 majorem
379 1841 490 1908 partem
502 1830 677 1908 populernrn
693 1828 836 1887 Graeciae
849 1828 997 1899 absumsit.
1037 1829 1089 1886 Su·

133 1909 282 1977 rinernnt'
293 1928 367 1988 qnos
380 1909 495 1985 refingia
508 1908 649 1967 montium
664 1918 840 1985 receperunt,
854 1909 923 1965 aut¹⁹
935 1906 973 1966 ad
986 1924 1089 1983 regem

125 1987 511 2049 naaliaessneucalionem
524 1986 634 2045 ratibus
647 1986 737 2046 evecti
751 1998 824 2062 sunt,
835 2006 853 2045 a
866 2004 922 2063 qno
936 2004 989 2063 pro
1010 1998 1090 2045 terea

95 2086 196 2145 genus
204 2067 367 2126 bntnantnn
377 2064 650 2127 eonditum-dicitnr.
688 2066 752 2125 <Per
765 2065 897 2124 ordinem
910 2063 977 2123 dein
997 2084 1015 2123 e
1026 2084 1089 2124 suc·

95 2146 235 2206 cassionis
253 2162 378 2223 regnum
390 2145 426 2204 ad
441 2144 641 2206 Erechtheum
648 2144 804 2215 descendit,
821 2144 876 2204 sub
885 2162 942 2221 quo
951 2143 1089 2203 frumenti

95 2225 169 2300 satio
182 2224 260 2303 apud
273 2225 398 2286 Eleusin
418 2245 436 2283 a
451 2225 630 2302 Triptolemo
653 2234 765 2303 reperta
783 2235 832 2283 est
875 2224 911 2282 ln
923 2222 1015 2303 hujus
1028 2242 1089 2283 rnu-

96 2304 176 2365 n'eris
197 2304 339 2363 honorem
359 2315 458 2363 noctes
479 2303 650 2362 initiornm¹²
670 2302 827 2362 sacratae.¹³
868 2301 976 2361 Tenuit
990 2312 1019 2361 et
1033 2304 1090 2361 Ae·

96 2402 178 2461 gens,
188 2381 300 2449 Thesei
310 2392 396 2461 pater,
406 2382 532 2442 Athenis
541 2400 673 2459 regnum.
697 2382 767 2441 Post
777 2384 914 2458 Aegeum
925 2379 1090 2450 Theseus¹⁴

96 2482 131 2524 at
145 2461 279 2539 deinceps
294 2462 404 2521 Thesei
417 2460 503 2531 filins,
520 2461 721 2539 Demophoon,
744 2461 794 2537 qui
807 2460 951 2529 auxilium
965 2460 1090 2521 Graecis

97 2540 238 2601 adverws
253 2540 417 2618 Trojnnos¹⁵
428 2540 500 2610 tulit,
515 2559 641 2617 regnum
654 2540 786 2619 possedit.
943 2554 946 2557 ·

207 2719 234 2776 2
259 2716 374 2778 Codrus
385 2736 414 2775 se
423 2736 480 2793 pro
486 2718 593 2793 patria
606 2716 729 2776 devovet,
772 2716 856 2797 (Just
873 2712 913 2775 ΙΙ.
928 2712 972 2793 b)

137 2870 232 2932 Erant
244 2872 317 2931 inter
329 2871 523 2935 Athenienses
531 2881 558 2931 et
569 2872 747 2937 Dorienses¹⁸
755 2880 864 2931 veteres
873 2870 1007 2941 offensae,
1038 2891 1092 2934 uas

98 2948 270 3011 vindicaturi
278 2951 355 3011 bello
368 2952 533 3020 Dorienses,
541 2950 577 3010 de
587 2950 805 3029 eventuproelii
812 2950 931 3009 oracula
939 2888 1091 3011 constdne·

99 3039 172 3088 runt.
215 3029 400 3107 Responsum
420 3030 603 3109 superiores¹²
623 3030 690 3100 fore,
705 3028 736 3089 ni
750 3049 849 3107 regem
864 3029 1092 3093 Atheniensium

98 3106 276 3167 occidissent.
321 3110 419 3187 ltaque
433 3130 523 3223 paam
537 3119 655 3169 ventum
669 3120 742 3167 esset
760 3109 791 3167 in
808 3108 924 3177 bellurn,
948 3108 1091 3171 militibus

98 3198 165 3246 ante
185 3187 283 3245 omnia
302 3188 432 3247 custodia
474 3188 552 3267 regis
582 3188 763 3267 praecipitur.
806 3187 1036 3247 Atheniensibus
1056 3208 1091 3248 eo

98 3276 227 3343 tempore
240 3286 292 3325 rer
306 3267 421 3326 Codrus
443 3280 514 3345 erat;
535 3268 586 3345 qui
604 3278 634 3329 ¹et
648 3286 786 3345 responso
803 3267 866 3335 Dei,
887 3278 917 3325 et
931 3267 1091 3345 praeceptis

99 3344 227 3405 hostiurn
239 3346 370 3423 cognitis,
385 3348 564 3424 permutant
581 3348 664 3424 regis
673 3346 781 3415 habitu,
795 3364 949 3424 pannosus,
964 3364 1092 3405 sarmen-

35 3455 39 3461 ·
98 3434 185 3501 taque
198 3444 309 3502 gerens,
323 3437 416 3484 castra
425 3426 552 3484 hostiurn
565 3426 734 3502 ingreditur;
756 3425 853 3502 ibique
871 3426 901 3484 in
914 3425 1000 3485 turbe
1016 3424 1091 3485 mili·

100 3510 169 3570 tum,
183 3520 275 3579 qnum
284 3523 376 3561 unum
385 3504 458 3562 hlce
466 3515 566 3581 sponte
579 3504 764 3574 vulnerasset,
780 3503 925 3563 occiditur.
964 3505 1090 3582 Cognito

101 3579 181 3654 regis
193 3599 320 3657 corpore,
344 3581 501 3640 Dorienses
524 3582 588 3640 sine
609 3582 720 3659 proelio
741 3582 897 3643 discedunt.
941 3585 1040 3661 Atque
1052 3582 1092 3643 ita

102 3654 295 3743 Athenienses
309 3658 412 3715 virtute
424 3658 515 3728 ducis,
524 3672 577 3737 pro
591 3660 684 3720 salute
696 3662 813 3742 patriae,
826 3662 911 3722 morti
926 3681 959 3723 se
972 3662 1091 3724 offeren-

101 3739 147 3801 ta,
159 3731 236 3791 bello
248 3734 412 3795 liberantur.
