<?xml version="1.0" encoding="UTF-8"?>
<!DOCTYPE html PUBLIC "-//W3C//DTD XHTML 1.0 Transitional//EN"
    "http://www.w3.org/TR/xhtml1/DTD/xhtml1-transitional.dtd">
<html xmlns="http://www.w3.org/1999/xhtml" xml:lang="en" lang="en">
 <head>
  <title>
</title>
<meta http-equiv="Content-Type" content="text/html;charset=utf-8" />
  <meta name='ocr-system' content='tesseract 3.04.00' />
  <meta name='ocr-capabilities' content='ocr_page ocr_carea ocr_par ocr_line ocrx_word'/>
</head>
<body>
  <div class='ocr_page' id='page_1' title='image "./latinreader01drgoog/latinreader01drgoog_0028.png"; bbox 0 0 2300 4059; ppageno 0'>
   <div class='ocr_carea' id='block_1_1' title="bbox 117 79 895 139">
    <p class='ocr_par' dir='ltr' id='par_1_1' title="bbox 117 79 895 139">
     <span class='ocr_line' id='line_1_1' title="bbox 117 79 895 139; baseline -0.013 0"><span class='ocrx_word' id='word_1_1' title='bbox 117 79 138 139; x_wconf 76' lang='lat'>4</span> <span class='ocrx_word' id='word_1_2' title='bbox 248 136 249 139; x_wconf 72' lang='grc'>,</span> <span class='ocrx_word' id='word_1_3' title='bbox 325 92 500 136; x_wconf 77' lang='lat' dir='ltr'>rxrrersas</span> <span class='ocrx_word' id='word_1_4' title='bbox 515 90 554 132; x_wconf 87' lang='lat' dir='ltr'>or</span> <span class='ocrx_word' id='word_1_5' title='bbox 567 89 686 134; x_wconf 75' lang='lat' dir='ltr'>arum</span> <span class='ocrx_word' id='word_1_6' title='bbox 698 86 895 132; x_wconf 68' lang='lat' dir='ltr'>astruere</span> 
     </span>
    </p>
   </div>
   <div class='ocr_carea' id='block_1_2' title="bbox 10 227 1142 1421">
    <p class='ocr_par' dir='ltr' id='par_1_2' title="bbox 71 227 1108 453">
     <span class='ocr_line' id='line_1_2' title="bbox 116 227 1106 311; baseline -0.002 -18"><span class='ocrx_word' id='word_1_7' title='bbox 116 232 228 293; x_wconf 87' lang='lat' dir='ltr'>ritatem</span> <span class='ocrx_word' id='word_1_8' title='bbox 241 241 268 290; x_wconf 90' lang='lat' dir='ltr'>et</span> <span class='ocrx_word' id='word_1_9' title='bbox 281 233 407 311; x_wconf 79' lang='lat' dir='ltr'>speciem</span> <span class='ocrx_word' id='word_1_10' title='bbox 420 240 486 290; x_wconf 85' lang='lat' dir='ltr'>sunt</span> <span class='ocrx_word' id='word_1_11' title='bbox 498 228 654 290; x_wconf 79' lang='lat' dir='ltr'>mirablles.</span> <span class='ocrx_word' id='word_1_12' title='bbox 696 227 780 289; x_wconf 79' lang='lat' dir='ltr'>Serri</span> <span class='ocrx_word' id='word_1_13' title='bbox 798 237 899 307; x_wconf 85' lang='lat' dir='ltr'>parent</span> <span class='ocrx_word' id='word_1_14' title='bbox 915 238 1034 305; x_wconf 71' lang='lat' dir='ltr'>prepter</span> <span class='ocrx_word' id='word_1_15' title='bbox 1046 248 1106 291; x_wconf 88' lang='lat' dir='ltr'>me·</span> 
     </span>
     <span class='ocr_line' id='line_1_3' title="bbox 116 308 1108 391; baseline -0.004 -19"><span class='ocrx_word' id='word_1_16' title='bbox 116 324 187 381; x_wconf 82' lang='lat' dir='ltr'>tum,</span> <span class='ocrx_word' id='word_1_17' title='bbox 199 312 269 371; x_wconf 86' lang='lat' dir='ltr'>boni</span> <span class='ocrx_word' id='word_1_18' title='bbox 285 320 406 389; x_wconf 78' lang='lat' dir='ltr'>propter</span> <span class='ocrx_word' id='word_1_19' title='bbox 418 309 554 374; x_wconf 84' lang='lat' dir='ltr'>officium.</span> <span class='ocrx_word' id='word_1_20' title='bbox 597 309 756 386; x_wconf 74' lang='lat' dir='ltr'>Navigaio</span> <span class='ocrx_word' id='word_1_21' title='bbox 771 309 863 385; x_wconf 74' lang='lat' dir='ltr'>juata</span> <span class='ocrx_word' id='word_1_22' title='bbox 882 308 951 369; x_wconf 83' lang='lat' dir='ltr'>litus</span> <span class='ocrx_word' id='word_1_23' title='bbox 962 319 1108 391; x_wconf 75' lang='lat' dir='ltr'>saepeest</span> 
     </span>
     <span class='ocr_line' id='line_1_4' title="bbox 71 391 285 453; baseline -0.014 -2"><span class='ocrx_word' id='word_1_24' title='bbox 71 417 76 427; x_wconf 35' lang='grc' dir='ltr'><em>ἢ</em></span> <span class='ocrx_word' id='word_1_25' title='bbox 153 391 285 453; x_wconf 82' lang='lat' dir='ltr'>riculosa.</span> 
     </span>
    </p>

    <p class='ocr_par' dir='ltr' id='par_1_3' title="bbox 10 412 1107 548">
     <span class='ocr_line' id='line_1_5' title="bbox 10 412 1107 548; baseline -0.009 -16"><span class='ocrx_word' id='word_1_26' title='bbox 10 470 12 507; x_wconf 68' lang='lat'>³</span> <span class='ocrx_word' id='word_1_27' title='bbox 116 412 320 548; x_wconf 68' lang='lat' dir='ltr'>peImperium</span> <span class='ocrx_word' id='word_1_28' title='bbox 332 468 645 547; x_wconf 75' lang='lat' dir='ltr'>populorumestpener</span> <span class='ocrx_word' id='word_1_29' title='bbox 657 476 776 545; x_wconf 79' lang='lat' dir='ltr'>regeset</span> <span class='ocrx_word' id='word_1_30' title='bbox 788 467 981 543; x_wconf 80' lang='lat' dir='ltr'>magistratus</span> <span class='ocrx_word' id='word_1_31' title='bbox 1004 467 1107 527; x_wconf 63' lang='lat' dir='ltr'>Pbces</span> 
     </span>
    </p>

    <p class='ocr_par' dir='ltr' id='par_1_4' title="bbox 119 544 1108 709">
     <span class='ocr_line' id='line_1_6' title="bbox 119 544 1039 626; baseline -0.008 -16"><span class='ocrx_word' id='word_1_32' title='bbox 119 559 204 610; x_wconf 75' lang='lat' dir='ltr'>extro</span> <span class='ocrx_word' id='word_1_33' title='bbox 216 567 322 626; x_wconf 85' lang='lat' dir='ltr'>aquam</span> <span class='ocrx_word' id='word_1_34' title='bbox 335 548 486 625; x_wconf 70' lang='lat' dir='ltr'>exspirant</span> <span class='ocrx_word' id='word_1_35' title='bbox 530 547 591 605; x_wconf 88' lang='lat' dir='ltr'>Res</span> <span class='ocrx_word' id='word_1_36' title='bbox 608 556 728 623; x_wconf 78' lang='lat' dir='ltr'>praeter</span> <span class='ocrx_word' id='word_1_37' title='bbox 740 545 906 623; x_wconf 82' lang='lat' dir='ltr'><strong>opinionem</strong></span> <span class='ocrx_word' id='word_1_38' title='bbox 918 544 1039 605; x_wconf 79' lang='lat' dir='ltr'>cecidit.¹</span> 
     </span>
     <span class='ocr_line' id='line_1_7' title="bbox 158 624 1108 709; baseline -0.003 -22"><span class='ocrx_word' id='word_1_39' title='bbox 158 628 286 707; x_wconf 81' lang='lat' dir='ltr'>Aquilae</span> <span class='ocrx_word' id='word_1_40' title='bbox 294 626 441 687; x_wconf 84' lang='lat' dir='ltr'>nidificant</span> <span class='ocrx_word' id='word_1_41' title='bbox 455 627 488 687; x_wconf 68' lang='grc' dir='ltr'>ἐπ</span> <span class='ocrx_word' id='word_1_42' title='bbox 496 625 617 703; x_wconf 77' lang='lat' dir='ltr'>rupibus</span> <span class='ocrx_word' id='word_1_43' title='bbox 625 624 817 686; x_wconf 69' lang='lat' dir='ltr'>auronum</span> <span class='ocrx_word' id='word_1_44' title='bbox 861 627 980 709; x_wconf 83' lang='lat' dir='ltr'>Coc&#39;cyx</span> <span class='ocrx_word' id='word_1_45' title='bbox 992 644 1108 704; x_wconf 81' lang='lat' dir='ltr'><strong>semper</strong></span> 
     </span>
    </p>

    <p class='ocr_par' dir='ltr' id='par_1_5' title="bbox 117 704 1142 1421">
     <span class='ocr_line' id='line_1_8' title="bbox 117 704 1108 787; baseline -0.004 -20"><span class='ocrx_word' id='word_1_46' title='bbox 117 708 192 787; x_wconf 85' lang='lat' dir='ltr'>parit</span> <span class='ocrx_word' id='word_1_47' title='bbox 206 708 235 767; x_wconf 89' lang='lat' dir='ltr'>in</span> <span class='ocrx_word' id='word_1_48' title='bbox 249 706 353 767; x_wconf 88' lang='lat' dir='ltr'>alienis</span> <span class='ocrx_word' id='word_1_49' title='bbox 366 706 450 765; x_wconf 87' lang='lat' dir='ltr'>nidis.</span> <span class='ocrx_word' id='word_1_50' title='bbox 492 705 532 766; x_wconf 83' lang='lat' dir='ltr'>Ia</span> <span class='ocrx_word' id='word_1_51' title='bbox 547 715 691 763; x_wconf 83' lang='lat' dir='ltr'>senectute</span> <span class='ocrx_word' id='word_1_52' title='bbox 705 704 863 763; x_wconf 81' lang='lat' dir='ltr'>hebescunt</span> <span class='ocrx_word' id='word_1_53' title='bbox 876 723 995 782; x_wconf 84' lang='lat' dir='ltr'>sensus;</span> <span class='ocrx_word' id='word_1_54' title='bbox 1016 707 1108 774; x_wconf 85' lang='lat' dir='ltr'>visus,</span> 
     </span>
     <span class='ocr_line' id='line_1_9' title="bbox 117 782 1107 848; baseline -0.003 -1"><span class='ocrx_word' id='word_1_55' title='bbox 117 786 232 847; x_wconf 86' lang='lat' dir='ltr'>auditus</span> <span class='ocrx_word' id='word_1_56' title='bbox 246 785 414 845; x_wconf 80' lang='lat' dir='ltr'>debilitatur.</span> <span class='ocrx_word' id='word_1_57' title='bbox 458 782 589 848; x_wconf 75' lang='lat' dir='ltr'>Quidam</span> <span class='ocrx_word' id='word_1_58' title='bbox 600 784 734 845; x_wconf 87' lang='lat' dir='ltr'>homines</span> <span class='ocrx_word' id='word_1_59' title='bbox 741 784 801 842; x_wconf 88' lang='lat' dir='ltr'>nati</span> <span class='ocrx_word' id='word_1_60' title='bbox 813 794 880 843; x_wconf 83' lang='lat' dir='ltr'>sunt</span> <span class='ocrx_word' id='word_1_61' title='bbox 893 805 956 843; x_wconf 72' lang='lat' dir='ltr'>cun</span> <span class='ocrx_word' id='word_1_62' title='bbox 966 783 1107 844; x_wconf 81' lang='lat' dir='ltr'>dentibus.</span> 
     </span>
     <span class='ocr_line' id='line_1_10' title="bbox 118 863 1107 943; baseline -0.002 -17"><span class='ocrx_word' id='word_1_63' title='bbox 118 867 233 927; x_wconf 82' lang='lat' dir='ltr'>Xerxes</span> <span class='ocrx_word' id='word_1_64' title='bbox 256 886 319 925; x_wconf 79' lang='lat' dir='ltr'>oum</span> <span class='ocrx_word' id='word_1_65' title='bbox 340 864 524 943; x_wconf 83' lang='lat' dir='ltr'>paucissimis</span> <span class='ocrx_word' id='word_1_66' title='bbox 545 863 685 924; x_wconf 74' lang='lat' dir='ltr'>militibus</span> <span class='ocrx_word' id='word_1_67' title='bbox 707 884 742 923; x_wconf 74' lang='lat' dir='ltr'>ea</span> <span class='ocrx_word' id='word_1_68' title='bbox 764 863 890 923; x_wconf 85' lang='lat' dir='ltr'>Graecia</span> <span class='ocrx_word' id='word_1_69' title='bbox 910 863 1027 941; x_wconf 76' lang='lat' dir='ltr'>aufugit</span> <span class='ocrx_word' id='word_1_70' title='bbox 1070 864 1107 924; x_wconf 81' lang='lat' dir='ltr'>L</span> 
     </span>
     <span class='ocr_line' id='line_1_11' title="bbox 119 942 1142 1024; baseline -0.003 -19"><span class='ocrx_word' id='word_1_71' title='bbox 119 946 266 1006; x_wconf 75' lang='lat' dir='ltr'>Metellurd</span> <span class='ocrx_word' id='word_1_72' title='bbox 284 944 397 1023; x_wconf 72' lang='lat' dir='ltr'>primus</span> <span class='ocrx_word' id='word_1_73' title='bbox 411 944 578 1022; x_wconf 82' lang='lat' dir='ltr'>elephantos</span> <span class='ocrx_word' id='word_1_74' title='bbox 592 963 626 1002; x_wconf 74' lang='lat' dir='ltr'>ez</span> <span class='ocrx_word' id='word_1_75' title='bbox 645 943 740 1022; x_wconf 89' lang='lat' dir='ltr'>primo</span> <span class='ocrx_word' id='word_1_76' title='bbox 756 943 872 1003; x_wconf 87' lang='lat' dir='ltr'>Punico</span> <span class='ocrx_word' id='word_1_77' title='bbox 889 942 967 1004; x_wconf 87' lang='lat' dir='ltr'>bello</span> <span class='ocrx_word' id='word_1_78' title='bbox 981 942 1062 1003; x_wconf 77' lang='lat' dir='ltr'>duxit</span> <span class='ocrx_word' id='word_1_79' title='bbox 1074 942 1111 1002; x_wconf 93' lang='lat' dir='ltr'>in</span> <span class='ocrx_word' id='word_1_80' title='bbox 1141 989 1142 1024; x_wconf 40' lang='lat'>4</span> 
     </span>
     <span class='ocr_line' id='line_1_12' title="bbox 118 1022 1142 1103; baseline -0.004 -18"><span class='ocrx_word' id='word_1_81' title='bbox 118 1025 271 1103; x_wconf 87' lang='lat' dir='ltr'>triumpho.</span> <span class='ocrx_word' id='word_1_82' title='bbox 316 1024 448 1083; x_wconf 81' lang='lat' dir='ltr'>Cantabit</span> <span class='ocrx_word' id='word_1_83' title='bbox 461 1042 570 1083; x_wconf 84' lang='lat' dir='ltr'>vacuus</span> <span class='ocrx_word' id='word_1_84' title='bbox 584 1042 681 1081; x_wconf 67' lang='lat' dir='ltr'>coram</span> <span class='ocrx_word' id='word_1_85' title='bbox 694 1023 806 1083; x_wconf 85' lang='lat' dir='ltr'>latrone</span> <span class='ocrx_word' id='word_1_86' title='bbox 818 1022 914 1082; x_wconf 74' lang='lat' dir='ltr'>viator.</span> <span class='ocrx_word' id='word_1_87' title='bbox 955 1022 1058 1081; x_wconf 83' lang='lat' dir='ltr'>Sidera</span> <span class='ocrx_word' id='word_1_88' title='bbox 1070 1025 1110 1081; x_wconf 83' lang='lat' dir='ltr'>ab</span> <span class='ocrx_word' id='word_1_89' title='bbox 1141 1029 1142 1036; x_wconf 76' lang='grc'>’</span> 
     </span>
     <span class='ocr_line' id='line_1_13' title="bbox 118 1100 1110 1164; baseline -0.004 0"><span class='ocrx_word' id='word_1_90' title='bbox 118 1112 184 1164; x_wconf 90' lang='lat' dir='ltr'>ortu</span> <span class='ocrx_word' id='word_1_91' title='bbox 204 1106 243 1163; x_wconf 80' lang='lat' dir='ltr'>cul</span> <span class='ocrx_word' id='word_1_92' title='bbox 263 1122 398 1163; x_wconf 87' lang='lat' dir='ltr'>occasum</span> <span class='ocrx_word' id='word_1_93' title='bbox 418 1112 586 1162; x_wconf 84' lang='lat' dir='ltr'>commeant</span> <span class='ocrx_word' id='word_1_94' title='bbox 627 1101 781 1161; x_wconf 85' lang='lat' dir='ltr'>Britannia</span> <span class='ocrx_word' id='word_1_95' title='bbox 800 1122 821 1160; x_wconf 87' lang='lat' dir='ltr'>a</span> <span class='ocrx_word' id='word_1_96' title='bbox 841 1100 1047 1162; x_wconf 65' lang='lat' dir='ltr'>Phoenicibus</span> <span class='ocrx_word' id='word_1_97' title='bbox 1066 1101 1110 1160; x_wconf 85' lang='lat' dir='ltr'>in·</span> 
     </span>
     <span class='ocr_line' id='line_1_14' title="bbox 117 1176 1109 1261; baseline -0.004 -18"><span class='ocrx_word' id='word_1_98' title='bbox 117 1176 203 1243; x_wconf 77' lang='lat' dir='ltr'>venta</span> <span class='ocrx_word' id='word_1_99' title='bbox 215 1193 264 1243; x_wconf 83' lang='lat' dir='ltr'>eet.</span> <span class='ocrx_word' id='word_1_100' title='bbox 287 1185 368 1261; x_wconf 86' lang='lat' dir='ltr'>Apes</span> <span class='ocrx_word' id='word_1_101' title='bbox 382 1184 443 1242; x_wconf 81' lang='lat' dir='ltr'>siue</span> <span class='ocrx_word' id='word_1_102' title='bbox 456 1202 526 1259; x_wconf 88' lang='lat' dir='ltr'>rege</span> <span class='ocrx_word' id='word_1_103' title='bbox 540 1200 605 1239; x_wconf 88' lang='lat' dir='ltr'>esse</span> <span class='ocrx_word' id='word_1_104' title='bbox 616 1200 676 1241; x_wconf 89' lang='lat' dir='ltr'>non</span> <span class='ocrx_word' id='word_1_105' title='bbox 689 1191 815 1259; x_wconf 89' lang='lat' dir='ltr'>possunt.</span> <span class='ocrx_word' id='word_1_106' title='bbox 844 1181 944 1243; x_wconf 83' lang='lat' dir='ltr'>Infans</span> <span class='ocrx_word' id='word_1_107' title='bbox 956 1180 1032 1241; x_wconf 84' lang='lat' dir='ltr'>nihil</span> <span class='ocrx_word' id='word_1_108' title='bbox 1045 1181 1109 1240; x_wconf 79' lang='lat' dir='ltr'>siae</span> 
     </span>
     <span class='ocr_line' id='line_1_15' title="bbox 117 1259 1110 1341; baseline -0.003 -19"><span class='ocrx_word' id='word_1_109' title='bbox 117 1262 214 1323; x_wconf 82' lang='lat' dir='ltr'>aliena</span> <span class='ocrx_word' id='word_1_110' title='bbox 228 1282 283 1341; x_wconf 90' lang='lat' dir='ltr'>ope</span> <span class='ocrx_word' id='word_1_111' title='bbox 295 1271 392 1341; x_wconf 86' lang='lat' dir='ltr'>potest</span> <span class='ocrx_word' id='word_1_112' title='bbox 436 1262 531 1323; x_wconf 90' lang='lat' dir='ltr'>Dulce</span> <span class='ocrx_word' id='word_1_113' title='bbox 540 1270 582 1319; x_wconf 88' lang='lat' dir='ltr'>est</span> <span class='ocrx_word' id='word_1_114' title='bbox 591 1280 647 1337; x_wconf 81' lang='lat' dir='ltr'>pro</span> <span class='ocrx_word' id='word_1_115' title='bbox 659 1262 752 1340; x_wconf 79' lang='lat' dir='ltr'>patria</span> <span class='ocrx_word' id='word_1_116' title='bbox 763 1259 846 1320; x_wconf 82' lang='lat' dir='ltr'>mori</span> <span class='ocrx_word' id='word_1_117' title='bbox 888 1260 1044 1319; x_wconf 87' lang='lat' dir='ltr'>Venenum</span> <span class='ocrx_word' id='word_1_118' title='bbox 1056 1259 1110 1320; x_wconf 80' lang='lat' dir='ltr'>nli·</span> 
     </span>
     <span class='ocr_line' id='line_1_16' title="bbox 118 1339 881 1421; baseline -0.003 -19"><span class='ocrx_word' id='word_1_119' title='bbox 118 1342 233 1421; x_wconf 85' lang='lat' dir='ltr'>quaudo</span> <span class='ocrx_word' id='word_1_120' title='bbox 251 1362 307 1419; x_wconf 82' lang='lat' dir='ltr'>pro</span> <span class='ocrx_word' id='word_1_121' title='bbox 322 1340 448 1401; x_wconf 88' lang='lat' dir='ltr'>remedio</span> <span class='ocrx_word' id='word_1_122' title='bbox 461 1339 522 1401; x_wconf 82' lang='lat' dir='ltr'>fuit</span> <span class='ocrx_word' id='word_1_123' title='bbox 877 1372 881 1379; x_wconf 94' lang='lat'>·</span> 
     </span>
    </p>
   </div>
   <div class='ocr_carea' id='block_1_3' title="bbox 323 1476 906 1597">
    <p class='ocr_par' dir='ltr' id='par_1_6' title="bbox 323 1476 906 1597">
     <span class='ocr_line' id='line_1_17' title="bbox 323 1476 906 1597; baseline -0.005 -16"><span class='ocrx_word' id='word_1_124' title='bbox 323 1521 382 1581; x_wconf 82' lang='lat' dir='ltr'>Tde</span> <span class='ocrx_word' id='word_1_125' title='bbox 403 1520 578 1581; x_wconf 80' lang='lat' dir='ltr'>Accusatioe</span> <span class='ocrx_word' id='word_1_126' title='bbox 597 1476 793 1597; x_wconf 74' lang='lat' dir='ltr'>gevemeddy</span> <span class='ocrx_word' id='word_1_127' title='bbox 812 1518 906 1578; x_wconf 69' lang='lat' dir='ltr'>Verbo.</span> 
     </span>
    </p>
   </div>
   <div class='ocr_carea' id='block_1_4' title="bbox 108 1667 1112 2383">
    <p class='ocr_par' dir='ltr' id='par_1_7' title="bbox 108 1667 1112 2383">
     <span class='ocr_line' id='line_1_18' title="bbox 159 1667 1108 1748; baseline -0.002 -18"><span class='ocrx_word' id='word_1_128' title='bbox 159 1670 331 1731; x_wconf 81' lang='lat' dir='ltr'>Crocodilus</span> <span class='ocrx_word' id='word_1_129' title='bbox 352 1686 407 1729; x_wconf 79' lang='lat' dir='ltr'>oon</span> <span class='ocrx_word' id='word_1_130' title='bbox 463 1670 506 1729; x_wconf 86' lang='lat' dir='ltr'>rit.</span> <span class='ocrx_word' id='word_1_131' title='bbox 548 1668 730 1748; x_wconf 82' lang='lat' dir='ltr'>Elephantus</span> <span class='ocrx_word' id='word_1_132' title='bbox 750 1667 818 1728; x_wconf 71' lang='lat' dir='ltr'>odit*</span> <span class='ocrx_word' id='word_1_133' title='bbox 838 1688 946 1728; x_wconf 73' lang='lat' dir='ltr'>marcor</span> <span class='ocrx_word' id='word_1_134' title='bbox 974 1678 1002 1727; x_wconf 90' lang='lat' dir='ltr'>et</span> <span class='ocrx_word' id='word_1_135' title='bbox 1021 1688 1108 1728; x_wconf 73' lang='lat' dir='ltr'>ruera</span> 
     </span>
     <span class='ocr_line' id='line_1_19' title="bbox 120 1690 1109 1827; baseline 0 -18"><span class='ocrx_word' id='word_1_136' title='bbox 120 1749 233 1811; x_wconf 82' lang='lat' dir='ltr'>Cameli</span> <span class='ocrx_word' id='word_1_137' title='bbox 247 1749 298 1809; x_wconf 87' lang='lat' dir='ltr'>diu</span> <span class='ocrx_word' id='word_1_138' title='bbox 311 1750 390 1809; x_wconf 76' lang='lat' dir='ltr'>sitim</span> <span class='ocrx_word' id='word_1_139' title='bbox 403 1690 531 1811; x_wconf 69' lang='lat' dir='ltr'>toldrant.</span> <span class='ocrx_word' id='word_1_140' title='bbox 560 1748 724 1827; x_wconf 88' lang='lat' dir='ltr'>Accipitres</span> <span class='ocrx_word' id='word_1_141' title='bbox 737 1768 796 1807; x_wconf 90' lang='lat' dir='ltr'>non</span> <span class='ocrx_word' id='word_1_142' title='bbox 804 1746 892 1807; x_wconf 91' lang='lat' dir='ltr'>edunt</span> <span class='ocrx_word' id='word_1_143' title='bbox 901 1749 991 1807; x_wconf 79' lang='lat' dir='ltr'>cordo</span> <span class='ocrx_word' id='word_1_144' title='bbox 999 1747 1109 1809; x_wconf 87' lang='lat' dir='ltr'>arium.</span> 
     </span>
     <span class='ocr_line' id='line_1_20' title="bbox 120 1827 1111 1907; baseline -0.001 -18"><span class='ocrx_word' id='word_1_145' title='bbox 120 1830 220 1889; x_wconf 85' lang='lat' dir='ltr'>Lanae</span> <span class='ocrx_word' id='word_1_146' title='bbox 232 1829 336 1907; x_wconf 79' lang='lat' dir='ltr'>nigrae</span> <span class='ocrx_word' id='word_1_147' title='bbox 350 1830 463 1888; x_wconf 80' lang='lat' dir='ltr'>uallum</span> <span class='ocrx_word' id='word_1_148' title='bbox 475 1830 596 1887; x_wconf 80' lang='lat' dir='ltr'>colorem</span> <span class='ocrx_word' id='word_1_149' title='bbox 608 1828 716 1887; x_wconf 85' lang='lat' dir='ltr'>bibunt</span> <span class='ocrx_word' id='word_1_150' title='bbox 745 1830 835 1887; x_wconf 83' lang='lat' dir='ltr'>Senes</span> <span class='ocrx_word' id='word_1_151' title='bbox 847 1827 968 1886; x_wconf 87' lang='lat' dir='ltr'>minime</span> <span class='ocrx_word' id='word_1_152' title='bbox 981 1828 1111 1888; x_wconf 83' lang='lat' dir='ltr'>sentiunt</span> 
     </span>
     <span class='ocr_line' id='line_1_21' title="bbox 119 1906 1112 1986; baseline -0.002 -18"><span class='ocrx_word' id='word_1_153' title='bbox 119 1910 228 1968; x_wconf 74' lang='lat' dir='ltr'>morbos</span> <span class='ocrx_word' id='word_1_154' title='bbox 242 1907 560 1986; x_wconf 54' lang='lat' dir='ltr'>contagiososstroerri</span> <span class='ocrx_word' id='word_1_155' title='bbox 570 1928 680 1966; x_wconf 69' lang='lat' dir='ltr'>coram</span> <span class='ocrx_word' id='word_1_156' title='bbox 688 1906 841 1985; x_wconf 87' lang='lat' dir='ltr'>quotannis</span> <span class='ocrx_word' id='word_1_157' title='bbox 848 1906 986 1965; x_wconf 75' lang='lat' dir='ltr'>amittunt.-</span> <span class='ocrx_word' id='word_1_158' title='bbox 1016 1906 1112 1966; x_wconf 84' lang='lat' dir='ltr'>Ceres</span> 
     </span>
     <span class='ocr_line' id='line_1_22' title="bbox 112 1986 1112 2067; baseline -0.002 -20"><span class='ocrx_word' id='word_1_159' title='bbox 112 1989 294 2067; x_wconf 76' lang='lat' dir='ltr'>frumentum</span> <span class='ocrx_word' id='word_1_160' title='bbox 305 1988 428 2065; x_wconf 83' lang='lat' dir='ltr'>invenit;</span> <span class='ocrx_word' id='word_1_161' title='bbox 444 1986 583 2046; x_wconf 88' lang='lat' dir='ltr'>Bacchus</span> <span class='ocrx_word' id='word_1_162' title='bbox 589 1988 689 2046; x_wconf 67' lang='lat' dir='ltr'>airam</span> <span class='ocrx_word' id='word_1_163' title='bbox 697 2008 710 2055; x_wconf 79' lang='lat'>‚-</span> <span class='ocrx_word' id='word_1_164' title='bbox 724 1986 891 2046; x_wconf 88' lang='lat' dir='ltr'>Mercurius</span> <span class='ocrx_word' id='word_1_165' title='bbox 901 1987 1023 2046; x_wconf 76' lang='lat' dir='ltr'>litteras.</span> <span class='ocrx_word' id='word_1_166' title='bbox 1053 1986 1112 2045; x_wconf 82' lang='lat' dir='ltr'>Ca-</span> 
     </span>
     <span class='ocr_line' id='line_1_23' title="bbox 108 2066 1111 2142; baseline -0.004 -15"><span class='ocrx_word' id='word_1_167' title='bbox 108 2084 172 2127; x_wconf 78' lang='lat' dir='ltr'>·nes</span> <span class='ocrx_word' id='word_1_168' title='bbox 186 2068 241 2127; x_wconf 89' lang='lat' dir='ltr'>soli</span> <span class='ocrx_word' id='word_1_169' title='bbox 263 2068 391 2127; x_wconf 77' lang='lat' dir='ltr'>dominor</span> <span class='ocrx_word' id='word_1_170' title='bbox 411 2086 475 2127; x_wconf 76' lang='lat' dir='ltr'>euos</span> <span class='ocrx_word' id='word_1_171' title='bbox 494 2066 567 2125; x_wconf 92' lang='lat' dir='ltr'>bene</span> <span class='ocrx_word' id='word_1_172' title='bbox 579 2068 713 2142; x_wconf 58' lang='lat' dir='ltr'>novere?</span> <span class='ocrx_word' id='word_1_173' title='bbox 732 2066 787 2127; x_wconf 86' lang='lat' dir='ltr'>soli</span> <span class='ocrx_word' id='word_1_174' title='bbox 800 2066 920 2125; x_wconf 75' lang='lat' dir='ltr'>morian</span> <span class='ocrx_word' id='word_1_175' title='bbox 938 2085 993 2124; x_wconf 68' lang='lat' dir='ltr'>neu</span> <span class='ocrx_word' id='word_1_176' title='bbox 1004 2084 1111 2141; x_wconf 76' lang='lat' dir='ltr'>agnos·</span> 
     </span>
     <span class='ocr_line' id='line_1_24' title="bbox 120 2143 1111 2223; baseline -0.001 -17"><span class='ocrx_word' id='word_1_177' title='bbox 120 2157 195 2206; x_wconf 85' lang='lat' dir='ltr'>cunt.</span> <span class='ocrx_word' id='word_1_178' title='bbox 238 2146 356 2207; x_wconf 81' lang='lat' dir='ltr'>Culices</span> <span class='ocrx_word' id='word_1_179' title='bbox 371 2147 585 2223; x_wconf 76' lang='lat' dir='ltr'>oadda‘petunt,</span> <span class='ocrx_word' id='word_1_180' title='bbox 599 2145 637 2205; x_wconf 85' lang='lat' dir='ltr'>ad</span> <span class='ocrx_word' id='word_1_181' title='bbox 650 2146 831 2205; x_wconf 78' lang='lat' dir='ltr'>dulciu²non</span> <span class='ocrx_word' id='word_1_182' title='bbox 844 2143 986 2205; x_wconf 78' lang='lat' dir='ltr'>advolant</span> <span class='ocrx_word' id='word_1_183' title='bbox 1028 2146 1111 2223; x_wconf 84' lang='lat' dir='ltr'>Hys-</span> 
     </span>
     <span class='ocr_line' id='line_1_25' title="bbox 119 2223 1110 2303; baseline -0.003 -18"><span class='ocrx_word' id='word_1_184' title='bbox 119 2226 177 2285; x_wconf 88' lang='lat' dir='ltr'>trix</span> <span class='ocrx_word' id='word_1_185' title='bbox 198 2226 311 2285; x_wconf 80' lang='lat' dir='ltr'>aculeos</span> <span class='ocrx_word' id='word_1_186' title='bbox 331 2226 422 2301; x_wconf 84' lang='lat' dir='ltr'>longe</span> <span class='ocrx_word' id='word_1_187' title='bbox 436 2225 588 2303; x_wconf 80' lang='lat' dir='ltr'>jaculatur.</span> <span class='ocrx_word' id='word_1_188' title='bbox 632 2224 804 2285; x_wconf 86' lang='lat' dir='ltr'>Crocodilus</span> <span class='ocrx_word' id='word_1_189' title='bbox 825 2226 887 2283; x_wconf 79' lang='lat' dir='ltr'>dies</span> <span class='ocrx_word' id='word_1_190' title='bbox 906 2224 938 2284; x_wconf 91' lang='lat' dir='ltr'>in</span> <span class='ocrx_word' id='word_1_191' title='bbox 949 2234 1026 2282; x_wconf 80' lang='lat' dir='ltr'>terra</span> <span class='ocrx_word' id='word_1_192' title='bbox 1037 2223 1110 2302; x_wconf 83' lang='lat' dir='ltr'>agit,</span> 
     </span>
     <span class='ocr_line' id='line_1_26' title="bbox 122 2304 354 2383; baseline -0.013 -17"><span class='ocrx_word' id='word_1_193' title='bbox 122 2314 216 2366; x_wconf 75' lang='lat' dir='ltr'>arctor</span> <span class='ocrx_word' id='word_1_194' title='bbox 228 2304 259 2364; x_wconf 83' lang='lat' dir='ltr'>in</span> <span class='ocrx_word' id='word_1_195' title='bbox 272 2322 354 2383; x_wconf 86' lang='lat' dir='ltr'>aqua.</span> 
     </span>
    </p>
   </div>
   <div class='ocr_carea' id='block_1_5' title="bbox 385 2452 847 2531">
    <p class='ocr_par' dir='ltr' id='par_1_8' title="bbox 385 2452 847 2531">
     <span class='ocr_line' id='line_1_27' title="bbox 385 2452 847 2531; baseline -0.004 -18"><span class='ocrx_word' id='word_1_196' title='bbox 385 2454 445 2513; x_wconf 73' lang='lat' dir='ltr'>rte</span> <span class='ocrx_word' id='word_1_197' title='bbox 461 2454 635 2514; x_wconf 65' lang='lat' dir='ltr'>Accusatore</span> <span class='ocrx_word' id='word_1_198' title='bbox 655 2452 691 2531; x_wconf 88' lang='lat' dir='ltr'>of</span> <span class='ocrx_word' id='word_1_199' title='bbox 704 2452 847 2512; x_wconf 75' lang='lat' dir='ltr'>Meauere.</span> 
     </span>
    </p>
   </div>
   <div class='ocr_carea' id='block_1_6' title="bbox 123 2602 1115 2999">
    <p class='ocr_par' dir='ltr' id='par_1_9' title="bbox 123 2602 1115 2999">
     <span class='ocr_line' id='line_1_28' title="bbox 162 2602 1110 2681; baseline 0.001 -17"><span class='ocrx_word' id='word_1_200' title='bbox 162 2602 346 2664; x_wconf 69' lang='lat' dir='ltr'>Rhinoceros</span> <span class='ocrx_word' id='word_1_201' title='bbox 360 2622 451 2663; x_wconf 90' lang='lat' dir='ltr'>cornu</span> <span class='ocrx_word' id='word_1_202' title='bbox 464 2602 549 2661; x_wconf 81' lang='lat' dir='ltr'>habet</span> <span class='ocrx_word' id='word_1_203' title='bbox 562 2602 594 2661; x_wconf 89' lang='lat' dir='ltr'>in</span> <span class='ocrx_word' id='word_1_204' title='bbox 606 2622 677 2661; x_wconf 82' lang='lat' dir='ltr'>uaso</span> <span class='ocrx_word' id='word_1_205' title='bbox 698 2622 785 2680; x_wconf 89' lang='lat' dir='ltr'>saepe</span> <span class='ocrx_word' id='word_1_206' title='bbox 798 2611 857 2661; x_wconf 79' lang='lat' dir='ltr'>tres</span> <span class='ocrx_word' id='word_1_207' title='bbox 871 2604 958 2680; x_wconf 77' lang='lat' dir='ltr'>pedes</span> <span class='ocrx_word' id='word_1_208' title='bbox 977 2602 1110 2681; x_wconf 81' lang='lat' dir='ltr'>longum.</span> 
     </span>
     <span class='ocr_line' id='line_1_29' title="bbox 123 2680 1113 2763; baseline -0.002 -18"><span class='ocrx_word' id='word_1_209' title='bbox 123 2684 255 2763; x_wconf 79' lang='lat' dir='ltr'>Elephas</span> <span class='ocrx_word' id='word_1_210' title='bbox 276 2683 351 2743; x_wconf 86' lang='lat' dir='ltr'>altus</span> <span class='ocrx_word' id='word_1_211' title='bbox 364 2692 406 2741; x_wconf 82' lang='lat' dir='ltr'>cst</span> <span class='ocrx_word' id='word_1_212' title='bbox 422 2681 573 2741; x_wconf 83' lang='lat' dir='ltr'>duodecim</span> <span class='ocrx_word' id='word_1_213' title='bbox 586 2682 633 2742; x_wconf 81' lang='lat' dir='ltr'>vel</span> <span class='ocrx_word' id='word_1_214' title='bbox 645 2680 861 2759; x_wconf 84' lang='lat' dir='ltr'>quatuordecim</span> <span class='ocrx_word' id='word_1_215' title='bbox 876 2682 987 2758; x_wconf 75' lang='lat' dir='ltr'>pedral</span> <span class='ocrx_word' id='word_1_216' title='bbox 1013 2686 1113 2747; x_wconf 79' lang='lat' dir='ltr'>Quae-</span> 
     </span>
     <span class='ocr_line' id='line_1_30' title="bbox 124 2760 1114 2823; baseline -0.001 0"><span class='ocrx_word' id='word_1_217' title='bbox 124 2762 191 2823; x_wconf 84' lang='lat' dir='ltr'>dam</span> <span class='ocrx_word' id='word_1_218' title='bbox 202 2762 338 2823; x_wconf 85' lang='lat' dir='ltr'>bestiolae</span> <span class='ocrx_word' id='word_1_219' title='bbox 351 2761 467 2821; x_wconf 86' lang='lat' dir='ltr'>nonnisi</span> <span class='ocrx_word' id='word_1_220' title='bbox 488 2783 576 2821; x_wconf 81' lang='lat' dir='ltr'>uuum</span> <span class='ocrx_word' id='word_1_221' title='bbox 590 2763 666 2821; x_wconf 76' lang='lat' dir='ltr'>diem</span> <span class='ocrx_word' id='word_1_222' title='bbox 678 2761 785 2819; x_wconf 77' lang='lat' dir='ltr'>vivunt.</span> <span class='ocrx_word' id='word_1_223' title='bbox 829 2760 981 2823; x_wconf 73' lang='lat' dir='ltr'>Quaedam</span> <span class='ocrx_word' id='word_1_224' title='bbox 1000 2762 1114 2822; x_wconf 84' lang='lat' dir='ltr'>anima-</span> 
     </span>
     <span class='ocr_line' id='line_1_31' title="bbox 123 2839 1115 2918; baseline 0.001 -15"><span class='ocrx_word' id='word_1_225' title='bbox 123 2842 164 2903; x_wconf 86' lang='lat' dir='ltr'>lia</span> <span class='ocrx_word' id='word_1_226' title='bbox 186 2843 414 2903; x_wconf 70' lang='lat' dir='ltr'>tornationem</span> <span class='ocrx_word' id='word_1_227' title='bbox 436 2841 587 2903; x_wconf 86' lang='lat' dir='ltr'>dormiunt.</span> <span class='ocrx_word' id='word_1_228' title='bbox 629 2839 796 2901; x_wconf 77' lang='lat' dir='ltr'>Alexander</span> <span class='ocrx_word' id='word_1_229' title='bbox 816 2842 945 2918; x_wconf 80' lang='lat' dir='ltr'>Magnus</span> <span class='ocrx_word' id='word_1_230' title='bbox 969 2840 1115 2904; x_wconf 79' lang='lat' dir='ltr'>tredecim</span> 
     </span>
     <span class='ocr_line' id='line_1_32' title="bbox 124 2920 365 2999; baseline -0.008 -18"><span class='ocrx_word' id='word_1_231' title='bbox 124 2924 214 2981; x_wconf 67' lang='lat' dir='ltr'>aanor</span> <span class='ocrx_word' id='word_1_232' title='bbox 227 2920 365 2999; x_wconf 82' lang='lat' dir='ltr'>regnavit</span> 
     </span>
    </p>
   </div>
   <div class='ocr_carea' id='block_1_7' title="bbox 268 3060 966 3147">
    <p class='ocr_par' dir='ltr' id='par_1_10' title="bbox 268 3060 966 3147">
     <span class='ocr_line' id='line_1_33' title="bbox 268 3060 966 3147; baseline -0.003 -17"><span class='ocrx_word' id='word_1_233' title='bbox 268 3060 327 3131; x_wconf 80' lang='lat' dir='ltr'>The</span> <span class='ocrx_word' id='word_1_234' title='bbox 342 3070 477 3129; x_wconf 69' lang='lat' dir='ltr'>Gauillae</span> <span class='ocrx_word' id='word_1_235' title='bbox 491 3070 657 3147; x_wconf 73' lang='lat' dir='ltr'>depending</span> <span class='ocrx_word' id='word_1_236' title='bbox 669 3088 746 3145; x_wconf 76' lang='lat' dir='ltr'>opor</span> <span class='ocrx_word' id='word_1_237' title='bbox 762 3069 966 3129; x_wconf 61' lang='lat' dir='ltr'>Substantias.</span> 
     </span>
    </p>
   </div>
   <div class='ocr_carea' id='block_1_8' title="bbox 79 3218 1120 3773">
    <p class='ocr_par' dir='ltr' id='par_1_11' title="bbox 79 3218 1120 3549">
     <span class='ocr_line' id='line_1_34' title="bbox 166 3218 1117 3280; baseline 0.001 -1"><span class='ocrx_word' id='word_1_238' title='bbox 166 3219 283 3280; x_wconf 83' lang='lat' dir='ltr'>Infinita</span> <span class='ocrx_word' id='word_1_239' title='bbox 291 3230 332 3279; x_wconf 89' lang='lat' dir='ltr'>est</span> <span class='ocrx_word' id='word_1_240' title='bbox 345 3218 496 3279; x_wconf 89' lang='lat' dir='ltr'>multitudo</span> <span class='ocrx_word' id='word_1_241' title='bbox 506 3220 671 3279; x_wconf 78' lang='lat' dir='ltr'>morborum.</span> <span class='ocrx_word' id='word_1_242' title='bbox 714 3218 897 3279; x_wconf 71' lang='lat' dir='ltr'>Litterarum</span> <span class='ocrx_word' id='word_1_243' title='bbox 904 3230 1027 3279; x_wconf 86' lang='lat' dir='ltr'>ususest</span> <span class='ocrx_word' id='word_1_244' title='bbox 1040 3222 1117 3280; x_wconf 90' lang='lat' dir='ltr'>anti-</span> 
     </span>
     <span class='ocr_line' id='line_1_35' title="bbox 99 3298 1115 3376; baseline -0.001 -14"><span class='ocrx_word' id='word_1_245' title='bbox 99 3298 289 3376; x_wconf 55' lang='lat' dir='ltr'>squissimus.</span> <span class='ocrx_word' id='word_1_246' title='bbox 340 3299 414 3359; x_wconf 89' lang='lat' dir='ltr'>Asia</span> <span class='ocrx_word' id='word_1_247' title='bbox 436 3310 462 3357; x_wconf 89' lang='lat' dir='ltr'>et</span> <span class='ocrx_word' id='word_1_248' title='bbox 484 3299 585 3358; x_wconf 83' lang='lat' dir='ltr'>Africa</span> <span class='ocrx_word' id='word_1_249' title='bbox 606 3303 712 3375; x_wconf 83' lang='lat' dir='ltr'>greges</span> <span class='ocrx_word' id='word_1_250' title='bbox 726 3298 859 3375; x_wconf 67' lang='lat' dir='ltr'>feroram</span> <span class='ocrx_word' id='word_1_251' title='bbox 880 3298 1028 3361; x_wconf 66' lang='lat' dir='ltr'>mauram</span> <span class='ocrx_word' id='word_1_252' title='bbox 1052 3302 1115 3361; x_wconf 78' lang='lat' dir='ltr'>alit</span> 
     </span>
     <span class='ocr_line' id='line_1_36' title="bbox 96 3376 1118 3457; baseline 0.005 -20"><span class='ocrx_word' id='word_1_253' title='bbox 96 3380 102 3457; x_wconf 64' lang='grc' dir='ltr'>ξ</span> <span class='ocrx_word' id='word_1_254' title='bbox 125 3380 236 3455; x_wconf 85' lang='lat' dir='ltr'>Magna</span> <span class='ocrx_word' id='word_1_255' title='bbox 250 3388 291 3437; x_wconf 91' lang='lat' dir='ltr'>est</span> <span class='ocrx_word' id='word_1_256' title='bbox 305 3378 476 3455; x_wconf 80' lang='lat' dir='ltr'>linguarum</span> <span class='ocrx_word' id='word_1_257' title='bbox 484 3378 558 3437; x_wconf 86' lang='lat' dir='ltr'>inter</span> <span class='ocrx_word' id='word_1_258' title='bbox 571 3376 705 3439; x_wconf 89' lang='lat' dir='ltr'>homines</span> <span class='ocrx_word' id='word_1_259' title='bbox 711 3377 840 3438; x_wconf 79' lang='lat' dir='ltr'>varietas</span> <span class='ocrx_word' id='word_1_260' title='bbox 852 3395 878 3450; x_wconf 55' lang='lat' dir='ltr'>a„</span> <span class='ocrx_word' id='word_1_261' title='bbox 884 3378 1118 3443; x_wconf 84' lang='lat' dir='ltr'>Innumerabilia</span> 
     </span>
     <span class='ocr_line' id='line_1_37' title="bbox 79 3456 1120 3549; baseline -0.001 -28"><span class='ocrx_word' id='word_1_262' title='bbox 79 3516 82 3521; x_wconf 88' lang='lat'><em>.</em></span> <span class='ocrx_word' id='word_1_263' title='bbox 101 3458 104 3465; x_wconf 79' lang='grc'><strong><em>’</em></strong></span> <span class='ocrx_word' id='word_1_264' title='bbox 125 3470 192 3517; x_wconf 85' lang='lat' dir='ltr'>sunt</span> <span class='ocrx_word' id='word_1_265' title='bbox 205 3461 306 3519; x_wconf 81' lang='lat' dir='ltr'>mortis</span> <span class='ocrx_word' id='word_1_266' title='bbox 318 3458 410 3535; x_wconf 83' lang='lat' dir='ltr'>signa,</span> <span class='ocrx_word' id='word_1_267' title='bbox 426 3459 529 3517; x_wconf 79' lang='lat' dir='ltr'>solatis</span> <span class='ocrx_word' id='word_1_268' title='bbox 544 3456 725 3537; x_wconf 82' lang='lat' dir='ltr'>paucissima</span> <span class='ocrx_word' id='word_1_269' title='bbox 769 3458 868 3549; x_wconf 79' lang='lat' dir='ltr'>Cyrus</span> <span class='ocrx_word' id='word_1_270' title='bbox 881 3457 1007 3519; x_wconf 71' lang='lat' dir='ltr'>umatum</span> <span class='ocrx_word' id='word_1_271' title='bbox 1020 3459 1054 3518; x_wconf 91' lang='lat' dir='ltr'>in</span> <span class='ocrx_word' id='word_1_272' title='bbox 1068 3481 1120 3520; x_wconf 83' lang='lat' dir='ltr'>ex-</span> 
     </span>
    </p>

    <p class='ocr_par' dir='ltr' id='par_1_12' title="bbox 125 3536 1118 3773">
     <span class='ocr_line' id='line_1_38' title="bbox 125 3536 1118 3615; baseline 0.007 -21"><span class='ocrx_word' id='word_1_273' title='bbox 125 3538 217 3597; x_wconf 89' lang='lat' dir='ltr'>ercitu</span> <span class='ocrx_word' id='word_1_274' title='bbox 230 3556 283 3596; x_wconf 86' lang='lat' dir='ltr'>suo</span> <span class='ocrx_word' id='word_1_275' title='bbox 298 3538 423 3597; x_wconf 77' lang='lat' dir='ltr'>militum</span> <span class='ocrx_word' id='word_1_276' title='bbox 438 3537 555 3595; x_wconf 88' lang='lat' dir='ltr'>nomina</span> <span class='ocrx_word' id='word_1_277' title='bbox 570 3536 688 3595; x_wconf 83' lang='lat' dir='ltr'>tenebat</span> <span class='ocrx_word' id='word_1_278' title='bbox 733 3537 824 3596; x_wconf 80' lang='lat' dir='ltr'>Canis</span> <span class='ocrx_word' id='word_1_279' title='bbox 836 3536 958 3613; x_wconf 82' lang='lat' dir='ltr'>vestigia</span> <span class='ocrx_word' id='word_1_280' title='bbox 972 3537 1118 3615; x_wconf 73' lang='lat' dir='ltr'>fhraruor</span> 
     </span>
     <span class='ocr_line' id='line_1_39' title="bbox 126 3614 1118 3697; baseline 0.008 -25"><span class='ocrx_word' id='word_1_281' title='bbox 126 3614 345 3691; x_wconf 83' lang='lat' dir='ltr'>diligentissime</span> <span class='ocrx_word' id='word_1_282' title='bbox 354 3626 494 3677; x_wconf 86' lang='lat' dir='ltr'>scrutatur</span> <span class='ocrx_word' id='word_1_283' title='bbox 503 3627 529 3673; x_wconf 90' lang='lat' dir='ltr'>et</span> <span class='ocrx_word' id='word_1_284' title='bbox 542 3616 730 3693; x_wconf 85' lang='lat' dir='ltr'>persequitur.</span> <span class='ocrx_word' id='word_1_285' title='bbox 774 3617 871 3675; x_wconf 91' lang='lat' dir='ltr'>Nemo</span> <span class='ocrx_word' id='word_1_286' title='bbox 884 3617 952 3675; x_wconf 65' lang='lat' dir='ltr'>uon*</span> <span class='ocrx_word' id='word_1_287' title='bbox 964 3616 1118 3697; x_wconf 80' lang='lat' dir='ltr'>benignus</span> 
     </span>
     <span class='ocr_line' id='line_1_40' title="bbox 126 3693 848 3773; baseline 0 -20"><span class='ocrx_word' id='word_1_288' title='bbox 126 3702 167 3753; x_wconf 84' lang='lat' dir='ltr'>est</span> <span class='ocrx_word' id='word_1_289' title='bbox 181 3696 227 3755; x_wconf 83' lang='lat' dir='ltr'>rui</span> <span class='ocrx_word' id='word_1_290' title='bbox 244 3694 340 3773; x_wconf 76' lang='lat' dir='ltr'>judaia</span> <span class='ocrx_word' id='word_1_291' title='bbox 384 3694 508 3755; x_wconf 78' lang='lat' dir='ltr'>Leonam</span> <span class='ocrx_word' id='word_1_292' title='bbox 522 3696 613 3755; x_wconf 86' lang='lat' dir='ltr'>animi</span> <span class='ocrx_word' id='word_1_293' title='bbox 632 3694 719 3753; x_wconf 85' lang='lat' dir='ltr'>index</span> <span class='ocrx_word' id='word_1_294' title='bbox 732 3693 848 3754; x_wconf 60' lang='lat' dir='ltr'>cauda!</span> 
     </span>
    </p>
   </div>
   <div class='ocr_carea' id='block_1_9' title="bbox 0 0 1159 4059">
    <p class='ocr_par' dir='ltr' id='par_1_13' title="bbox 0 0 1159 4059">
     <span class='ocr_line' id='line_1_41' title="bbox 0 0 1159 4059; baseline 0 0"><span class='ocrx_word' id='word_1_295' title='bbox 0 0 1159 4059; x_wconf 95' lang='lat' dir='ltr'> </span> 
     </span>
    </p>
   </div>
  </div>
 </body>
</html>
