2300 4059
96 120 137 185 aa
461 104 719 185 emorrannum

96 271 1075 354 recepissenttostenditcisineodemcursumultasalias·lab01·antss;

94 356 299 435 quaesivitque,
309 376 380 415 num
393 355 479 414 aiam
493 355 523 413 in
538 356 584 414 his
597 355 719 415 navibus
735 356 896 431 Diagoram
904 354 974 415 vehi
988 352 1078 415 creda·

96 446 166 494 rent
207 436 269 516 (De
284 436 349 495 Nat
367 436 453 493 Deor.
467 435 524 493 ΙΙΙ,
541 435 601 511 37.)

136 518 163 572 t.
188 514 334 589 Diogenes
356 515 383 571 C
404 513 488 571 nicus
507 512 604 572 dicere
623 510 738 581 solebat,
753 510 928 590 Harpalum,
943 510 996 590 qui
1015 522 1078 571 tem·
1138 504 1140 513 ⁴

135 592 215 652 ribus
227 592 287 651 illis
306 611 359 669 pra
394 611 412 650 o
425 592 494 652 felix
507 592 671 661 habebatur,
686 594 787 651 contra
795 591 871 651 'deo‘s
884 590 1079 650 testimonium

98 670 291 810 ffielqwd
303 672 335 729 in
348 669 525 740 illefonsus
536 670 660 753 tamdiu
673 670 788 732 viverat„
830 672 892 752 (De
907 671 976 729 Nat.
995 670 1077 730 Deor.

136 836 161 888 5.
186 753 346 907 Dionysius
358 846 450 906 quum
459 828 557 894 fanum
569 828 763 906 Proserpinae
774 828 876 888 locris
889 821 1079 907 expilavisset

95 906 249 984 navigabat
270 909 445 985 Syracusas:
468 908 549 984 isque
570 926 662 997 quum
683 906 891 985 secundissimo
914 918 1001 965 vento
1022 926 1081 966 cur·

96 1004 162 1044 sum
174 997 288 1053 teneret,
304 984 407 1055 ridens,
421 985 882 1063 oidetmae,1nquit,omici,qaom
898 988 974 1045 bona
988 1004 1008 1043 o
1027 983 1082 1045 diis

97 1066 310 1127 inmortalibus
322 1065 479 1141 navigatio
492 1066 649 1141 sacrilegis
659 1067 766 1125 datar?
788 1063 869 1123 Idetn
879 1082 971 1143 quum
983 1062 1021 1123 ad
1032 1065 1083 1123 Pe·

97 1143 288 1221 loponnesum
307 1142 431 1202 classem
452 1143 615 1220 appulisset
639 1154 666 1201 et
687 1143 718 1201 in
740 1144 984 1202 fanum-venisset
1005 1143 1082 1202 Joris

98 1221 236 1302 Olympii,
250 1242 373 1281 aureum
385 1222 414 1283 ei
433 1221 553 1282 detraxit
572 1222 733 1281 amiculum
754 1221 858 1299 grandi
878 1220 1014 1301 pondere,
1028 1240 1083 1299 quo

96 1302 198 1361 Jovem
212 1312 327 1359 ornarat
340 1320 377 1359 ex
389 1299 534 1359 manubiis
545 1301 833 1379 Carthaginiensium
845 1310 989 1381 tyrannus
1000 1300 1082 1360 Gelo.

98 1384 196 1472 Atque
209 1381 238 1438 in
261 1400 296 1439 eo
308 1378 393 1437 etiam
407 1378 559 1439 cavillatus
572 1390 622 1447 est,
641 1392 745 1439 aestate
763 1400 852 1456 grave
874 1400 939 1461 esse
960 1398 1084 1439 aureum

97 1458 367 1527 amiculumhieme
375 1457 613 1535 frigidumeique
622 1458 739 1518 laneum
749 1457 870 1537 pallium
880 1458 985 1535 injecit,
1015 1478 1083 1518 uum

97 1538 127 1597 id
147 1558 211 1597 esse
223 1537 261 1595 ad
279 1556 366 1595 omne
378 1536 447 1595 anni
467 1547 580 1613 tempus
601 1536 713 1597 diceret.
756 1536 893 1629 Idemque
907 1478 1082 1615 Aescdlapio

99 1616 243 1694 Epidauri
256 1616 375 1673 barbam
383 1634 503 1673 auream
517 1615 594 1675 demi
605 1617 704 1693 jussit:
726 1635 908 1691 nequeenim
921 1616 1081 1685 convenire,
1139 1666 1140 1683 ,

97 1695 247 1755 mrbaum
260 1712 325 1751 essa
337 1693 438 1761 filium,
451 1712 543 1771 quam
563 1695 595 1753 in
614 1694 748 1755 omnibus
761 1694 835 1753 lauis
854 1706 936 1773 pater
948 1694 1084 1753 imberbis
1139 1704 1140 1729 ³

98 1785 180 1833 esset
223 1772 285 1854 (De
300 1774 366 1831 Nat
384 1773 470 1831 Deor.
486 1773 503 1831 l.
519 1774 558 1851 c.)

139 1858 165 1913 6.
188 1852 306 1911 Meusas
319 1864 470 1929 argenteas
491 1851 569 1913 idem
590 1851 626 1913 de
638 1853 771 1912 omnibus
785 1851 912 1929 delubris
929 1850 1017 1929 jussit
1038 1870 1087 1911 tu-

98 1930 183 1992 ierri:
204 1930 353 2007 inquibus
369 1931 447 2007 quod
466 1950 546 1989 more
565 1932 669 1991 veteris
691 1931 834 1990 Graeciae
852 1932 1025 2008 inscriptum
1046 1950 1087 1989 es·

99 2020 150 2077 set,
179 2010 326 2069 Bonorum
341 2009 475 2079 Deo-rota,
509 2010 550 2068 uti
564 2029 597 2069 sa
617 2030 718 2069 eorum
738 2010 860 2069 bonitate
873 2008 949 2069 vella
965 2007 1084 2069 dicebat

101 2087 183 2150 Idem
197 2086 372 2147 Victoriolas
384 2108 496 2157 aureas,
509 2100 537 2147 et
557 2100 669 2165 pateras
682 2104 867 2165 coronasque,
882 2107 956 2165 quae
970 2084 1088 2146 simula-

99 2186 217 2227 crorum
230 2167 367 2244 porrectis
377 2167 511 2227 mambus
523 2167 744 2236 sustinebantur,
753 2167 816 2225 sine
825 2166 1001 2227 dubitatione
1008 2164 1087 2226 tolle

100 2246 155 2315 bat,
169 2265 262 2322 eaque
272 2264 305 2304 se
317 2246 455 2323 accipere,
469 2266 528 2305 nou
540 2246 655 2305 auferre
663 2246 779 2305 dicebat.
822 2246 898 2305 Esse
906 2245 985 2304 enirn
999 2244 1089 2305 stulti·

99 2324 177 2392 tiam,
190 2346 209 2383 a
221 2324 326 2401 quibus
338 2324 414 2383 bona
426 2344 618 2403 precaremur,
632 2325 668 2383 ab
681 2326 718 2383 iis
731 2324 944 2403 porrigentibus
958 2334 986 2383 et
1000 2323 1089 2382 danti

100 2401 154 2463 bus
167 2401 246 2461 nolle
258 2422 381 2462 sumere
437 2452 440 2457 .

141 2487 167 2541 7.
189 2480 384 2556 Eandemque
403 2482 496 2541 ierunt
517 2482 596 2550 baec,
611 2501 685 2558 quae
705 2482 772 2551 dixi,
786 2480 898 2541 sublata
911 2481 948 2541 de
960 2481 1039 2541 fanis
1059 2480 1087 2541 iu

101 2560 196 2620 lotum
225 2560 385 2638 protulisse,
405 2572 433 2619 ct
460 2580 512 2638 per
541 2580 714 2639 praeconem
743 2560 910 2628 vendidisse,
930 2571 1089 2637 exactaque

155 2639 225 2698 unia
237 2636 368 2707 edixisse.
382 2650 420 2707 ut,
440 2639 517 2716 quod
555 2639 660 2716 uisque
678 2660 696 2699 a
716 2640 806 2699 sacris
826 2640 951 2710 haberet,
972 2638 1004 2698 id
1024 2650 1090 2699 ants

100 2659 180 2776 iiim
199 2729 307 2777 certam
324 2717 355 2776 in
368 2737 456 2777 suum
476 2659 610 2795 quodque
629 2718 729 2777 fanum
749 2719 871 2777 referret.
915 2719 960 2777 Ita
981 2716 1019 2777 ad
1040 2716 1091 2776 im·

101 2796 235 2935 gasteis
254 2796 287 2952 ip
305 2794 381 2866 deos,
402 2798 433 2855 in
453 2794 586 2856 hominos
606 2796 735 2873 adjunxit
756 2796 899 2875 injuriam.
940 2797 1006 2880 (De
1021 2797 1090 2857 Nat.

170 2895 192 2935 r.
219 2894 263 2936 .c.
294 2930 297 2935 .

241 3044 277 3103 V.
301 3046 448 3121 Exemplo
456 3046 682 3123 praesagiorum
697 3048 731 3106 da
742 3048 823 3107 rebor
829 3046 953 3125 satoris.
1066 3127 1069 3129 -

147 3227 169 3282 l.
193 3221 281 3300 Apud
295 3222 489 3299 Agathoclem
502 3225 641 3302 scriptum
656 3225 685 3283 in
695 3224 814 3284 historia
827 3235 875 3293 est,
888 3225 1096 3287 Hamilcarem

83 3301 85 3308 '
105 3301 384 3378 Carthaginiensem,
394 3320 484 3378 qurum
493 3313 672 3381 oppugnaret
682 3306 848 3383 Syracusas,
859 3304 953 3363 visum
968 3324 1037 3365 esse
1047 3327 1096 3367 au·

103 3382 166 3441 dire
180 3400 288 3447 vocem,
299 3399 334 3437 se
347 3380 482 3457 postridie
496 3394 683 3440 coenaturum
698 3383 866 3461 Syracusis;
887 3401 980 3459 quum
995 3397 1097 3445 autem

104 3460 130 3519 is
157 3459 219 3517 dies
241 3458 390 3526 illuxisset,
411 3460 738 3536 magnam'seditionem
758 3462 788 3521 in
812 3460 911 3519 castris
932 3461 998 3537 ejus
1020 3460 1097 3523 inter

106 3536 220 3594 Poenos
234 3546 260 3595 et
273 3535 385 3594 Siculos
399 3534 503 3595 milites
518 3556 581 3595 esse
594 3540 710 3597 factam:
732 3539 809 3616 quod
830 3558 924 3615 quum,
934 3542 1097 3603 sensissent
1135 3582 1136 3605 1

105 3612 289 3687 Syracusani,
298 3613 453 3689 improviso
467 3635 516 3673 eos
531 3616 562 3674 in
572 3626 664 3674 castra
673 3616 820 3695 irrupisse,
832 3618 1098 3699 Hamilcaremque
1135 3632 1136 3697 ,

105 3688 191 3743 abiis
212 3689 311 3781 ripum
331 3709 394 3747 esse
413 3691 565 3756 sublatum.
610 3694 653 3752 lta
666 3713 712 3759 res
726 3696 873 3763 somnium
886 3698 1097 3781 comprobavit
1135 3698 1136 3705 '

14 3799 15 3820 t
106 3762 423 3843 (Demonstrat.)
560 3796 563 3798 Α
