2300 4059
123 108 165 171 88
415 94 617 171 nrcnnonurr
633 128 805 173 narraturi.

197 348 245 406 64.
267 346 432 407 Ptolemaei
445 348 587 422 quaedam
600 356 691 424 gestu.
734 312 817 429 lJnst
833 348 938 438 XXX
959 354 982 422 l,
998 352 1039 430 2.)

164 536 245 597 Dum
259 536 330 596 haec
344 539 374 597 in
390 540 514 598 Graecia
528 551 676 615 geruntur,
692 538 881 610 Ptolemaeus,
896 543 949 619 qui
958 542 996 601 ad
1010 550 1104 603 necem

124 618 273 693 utriunque
292 618 417 694 parentis
431 618 524 676 fratris
534 638 648 695 quoque
662 619 778 677 caedem
788 620 965 695 adjunxerat,
977 622 1105 682 luxuriae

123 714 155 753 se
167 696 326 762 tradiderat,
341 716 393 754 nec
407 697 493 755 amici
510 708 627 765 tantum,
641 700 842 755 verumetiam
856 700 953 759 omnis
966 703 1106 761 exercitus

124 775 202 850 regis
223 774 388 851 exemplum
410 776 501 833 secuti
522 786 608 833 erant.
653 777 768 838 Quibus
789 778 919 853 cognitis,
936 780 1106 851 Antiochus,

123 869 175 911 rex
187 854 299 931 Syriae,
308 854 455 930 repentino
469 854 543 913 bello
552 853 752 913 multasurbes
766 857 828 931 ejus
841 858 993 933 oppressit,
1009 858 1107 937 ipsam·

30 930 37 935 '
121 950 179 1007 que
199 934 368 1010 Aegyptum
388 934 564 1009 aggreditur.
608 934 791 991 Ptolemaeus
811 945 906 993 autem
928 938 1061 994 exercitu
1080 938 1106 995 in

122 1010 250 1070 Graecia
277 1011 423 1081 conducto,
444 1011 604 1069 secundum
622 1010 776 1088 ,proelium
796 1012 868 1080 fucit,
897 1014 1106 1093 spoliassetque

122 1106 214 1163 regno
227 1089 413 1157 Antiochum,
427 1092 453 1149 si
473 1092 616 1147 fortunam
629 1091 731 1147 virtute
747 1092 873 1165 juvisset
916 1093 975 1151 Sed
998 1107 1107 1152 conten·

121 1178 167 1224 tus
188 1168 402 1244 recuperatione
422 1168 546 1234 urbium,
560 1187 632 1244 quas
649 1170 790 1236 amiserat,
804 1170 876 1227 sacta
889 1191 970 1247 pace,
988 1172 1021 1229 in
1042 1174 1108 1249 pris·

120 1245 212 1303 tinam
234 1246 381 1305 luxuriam
401 1246 553 1315 revolutus,
573 1266 699 1323 regnum
718 1248 917 1324 perditissimis
940 1250 1107 1309 hominibus

120 1334 256 1399 tanquam
270 1325 406 1400 praedam
419 1325 555 1402 permisit
597 1326 644 1384 Eo
658 1338 769 1398 mortuo
783 1326 988 1395 Alexandrini,
1005 1330 1106 1406 suppli·

119 1404 168 1462 cio
182 1403 218 1462 de
230 1403 421 1480 praedonibus
434 1402 494 1463 illis
512 1415 614 1471 sumto,
635 1404 744 1480 legatos
758 1404 898 1463 miserunt
913 1406 951 1463 ad
966 1407 1106 1482 populum

105 1483 297 1552 ,Romanurn
311 1494 452 1559 rogantes,
466 1494 498 1539 ut
509 1483 627 1542 tutelam
635 1482 739 1559 pupilli
752 1482 937 1559 suscipe-rent,
948 1492 1106 1541 tuerentur·

119 1577 180 1636 que
191 1579 316 1636 regnum
334 1560 474 1639 Aegypti,
484 1559 625 1637 quodjam
637 1560 807 1636 Philippum
817 1560 1071 1629 etAntiochurn,l
1096 1590 1104 1601 ·

113 1648 151 1697 -tn
162 1638 236 1696 inter
248 1656 281 1695 se
293 1639 432 1716 pactione,
445 1639 518 1696 inter
531 1658 564 1698 se
576 1638 710 1696 divisisse
724 1637 859 1696 dicebant.

214 1834 260 1892 65.
282 1830 411 1893 Romani
425 1832 528 1891 bellum
542 1840 644 1889 contre
657 1830 829 1905 Philippum
843 1808 1015 1907 suscipiunt.

446 1911 562 1993 (iustu
578 1908 777 1990 mni.)

161 2101 254 2160 Grata
265 2100 372 2177 legatio
392 2100 534 2161 Romanis
546 2100 606 2168 luit,
620 2117 740 2159 causam
758 2097 826 2157 belli
840 2097 981 2157 adversus
997 2098 1104 2179 Philip
1139 2100 1140 2169 l

121 2195 192 2257 pum
204 2180 414 2256 quaerentibus,
427 2180 478 2256 qui
491 2179 569 2255 ipsis,
583 2176 652 2236 belli
667 2176 773 2237 Punici
792 2176 976 2253 temporibus,
993 2177 1104 2239 insidia·
1139 2170 1140 2208 ¹

120 2268 168 2316 tus
181 2258 277 2317 fuerat
319 2258 471 2317 Mittuntur
484 2258 580 2335 itaque
593 2256 687 2332 legati,
701 2255 751 2331 qui
765 2254 909 2314 Antiocho
924 2270 952 2313 et
967 2256 1103 2335 Philippo

122 2334 294 2405 denuntient,
309 2356 400 2414 reguo
421 2335 549 2414 Aegypti
569 2335 734 2393 abstineant.
777 2334 902 2391 Mittitur
915 2344 943 2391 et
964 2335 1008 2393 M.
1027 2336 1104 2413 Lepi·
1138 2362 1139 2403 3

121 2412 175 2472 dus
189 2414 220 2473 in
228 2419 404 2493 Aegyptum,
414 2414 464 2492 qui
477 2415 581 2473 tutorio
595 2412 712 2471 nomine
721 2431 844 2491 regnum
854 2412 961 2490 pupilli
970 2414 1103 2473 adminis-

120 2502 213 2551 traret.
258 2494 337 2551 Dum
356 2493 427 2552 haec
440 2504 574 2569 aguntur,
590 2490 746 2567 legationes
760 2490 848 2550 Attali
870 2503 897 2549 et
911 2492 1102 2561 Rhodiorum,

120 2569 241 2645 injurias
267 2570 408 2648 Philippil
428 2583 586 2648 querentes,
615 2572 740 2629 Romam
760 2579 905 2628 venerunt.
951 2572 1102 2631 Quaeres
1137 2590 1138 2606 ¹

120 2668 237 2708 omnem
249 2651 458 2709 cunctationem
478 2649 661 2707 Macedonici
674 2646 742 2706 helli
764 2648 874 2706 senatui
889 2650 1006 2708 exemit.
1051 2653 1103 2708 Sta·

116 2728 174 2787 tim·
191 2728 282 2805 igitur
299 2728 392 2787 titulo²
402 2726 511 2787 serendi
531 2728 617 2786 sociis
631 2726 740 2794 auxilii,
760 2724 1029 2786 bellumadrer'sus
1040 2726 1104 2787 Phi·
1136 2800 1137 2803 ,

119 2806 234 2884 lippum
254 2806 422 2874 decernitur,
436 2806 623 2883 legionesque
636 2826 704 2864 cum
718 2805 837 2864 consule
855 2806 883 2863 in
900 2801 1105 2865 Macedoniam

61 2935 63 2938 .
119 2886 276 2947 minantia.
319 2886 383 2945 Nec
411 2884 501 2944 multo
529 2896 590 2962 post
617 2899 745 2961 tempore
763 2895 821 2942 tota
842 2882 977 2953 Graecia,
1000 2885 1105 2943 fiducia

119 2964 321 3030 Romanorum
333 2964 370 3024 ad
382 2984 464 3042 spem
482 2964 620 3041 pristinae
638 2962 774 3023 libertatis
788 2974 887 3030 erecta,
900 2960 1017 3021 bellum
1040 2964 1105 3023 Phi·
1135 2964 1136 3002 ²

119 3040 198 3119 lippo
218 3041 328 3118 intulit3
348 3054 433 3119 atque
452 3044 491 3101 ita
503 3061 594 3119 quum
615 3061 666 3103 rex
680 3041 807 3119 undique
827 3050 988 3117 urgeretur,
1004 3062 1104 3119 pacem

117 3132 216 3198 petere
243 3121 429 3198 compellitur.
480 3120 642 3199 Repudiato
669 3140 686 3177 a
716 3122 823 3179 Senatu
850 3138 929 3196 pace,
959 3118 1104 3196 proelium
1134 3158 1135 3200 y

117 3200 308 3259 commissum
328 3212 369 3257 est
382 3199 459 3276 apud
480 3198 717 3278 Cynoscephalas
731 3201 762 3257 in
778 3197 930 3256 Thessalia
944 3194 1024 3257 inter
1041 3200 1104 3258 Phi·
1133 3256 1134 3277 ,

119 3276 232 3355 lippum
253 3290 280 3337 et
302 3278 488 3347 Flaminium,
502 3280 703 3337 Romanorum
717 3275 826 3335 ducem.
850 3275 1033 3336 Macedonas
1052 3280 1103 3337 Ro

118 3374 206 3415 mana
218 3356 330 3415 senuna
343 3358 417 3416 vicit.
459 3359 581 3416 Fructus
594 3358 690 3433 itaque
702 3356 777 3416 bello
787 3384 791 3389 ¹
800 3353 965 3445 Philippus,
981 3374 1057 3432 pace
1065 3376 1103 3416 ac·
1133 3352 1134 3398 l

116 3433 1103 3591 eirenencriminantium

120 3587 456 3651 Macedoniamretinuit.
505 3664 514 3673 ,
1132 3576 1133 3595 ¹
