2300 4059
115 86 153 153 ω
324 102 460 148 seusu
473 98 884 147 manumissum

111 243 190 305 fitius
202 243 289 321 regis,
301 242 375 302 ratis
386 242 448 301 suis
460 241 634 311 obem
652 251 804 309 amoveret,
820 234 990 306 Arttxerxi,
1000 236 1088 299 admo

112 323 184 385 dum
203 341 301 401 puero,
322 322 470 399 persuasit,
484 338 585 397 regern
606 340 625 379 s
640 319 748 387 Disrio,l
768 319 819 395 qui
838 328 900 377 erat
917 317 1087 388 adolescens,

113 404 243 462 occisum
254 420 324 469 esse,
343 419 401 477 quo
414 399 556 459 maturius
568 418 659 475 regno
671 399 815 475 potiretur,
834 396 1088 475 eumqueimptdit,

112 491 145 539 ut
156 480 244 558 patris
256 474 374 537 caedem
392 478 424 537 in
443 479 528 537 fratre
540 478 704 537 vindicnret.
746 480 848 539 Quum
866 488 985 535 rentum
998 476 1035 535 sd
1045 476 1089 535 do·

112 578 195 617 mum
207 558 290 617 Darii
303 568 384 625 esset,
393 556 443 616 hie
456 557 601 615 dormiens
614 558 747 615 inventus
760 555 935 614 interficitur.
963 556 1089 619 Quoius·

111 648 149 706 to,
161 649 194 695 ιιι
202 639 289 696 etiam
301 641 494 696 Armerxem
500 635 618 704 tolleret,
629 636 799 702 Artabanum
809 634 974 711 principum
987 632 1022 692 de
1031 654 1090 711 reg·
1134 630 1135 685 3

111 735 151 775 no
163 716 320 773 certamina
330 727 467 783 metuens,
488 716 609 773 assumit
621 714 652 771 in
665 714 827 771 societstem
840 713 955 771 consilii
969 714 1090 772 Bsesbs·

112 812 195 853 mm:
216 796 277 871 qui²
289 795 432 871 praesenti
445 814 543 853 rerum
555 805 629 851 statu
643 803 796 861 centennis,
811 810 872 850 rem
885 792 979 869 prodit
993 795 1090 851 Artax·

113 873 183 942 erxi,
198 886 229 931 ut
242 884 322 950 pater
336 875 398 949 ejus
411 874 531 942 occisus,
545 883 576 930 ut
589 866 674 929 freter
687 871 759 929 salsa
772 870 919 948 parricidii
931 871 1092 948 suspicione

112 970 267 1029 oppressus
289 963 370 1019 esset,
392 971 535 1028 qusennm
556 948 611 1027 ipsi
634 949 755 1027 denique
777 961 948 1026 pararentur
966 949 1089 1011 insidiae
1135 960 1136 1015 ι

114 1032 172 1091 His
184 1031 309 1107 cognitis
318 1039 494 1089 Artaxerxes
503 1029 535 1087 in
543 1039 690 1105 posterum
699 1028 776 1087 diem
784 1040 927 1087 armatum
937 1029 1092 1089 exercitum

111 1108 213 1167 adesse
228 1108 315 1186 jubet,
338 1108 548 1185 recognitores
568 1117 596 1165 et
616 1125 771 1165 numerum
783 1107 909 1165 militum
922 1118 948 1165 et
962 1108 993 1165 in
1006 1108 1092 1165 armis

112 1186 282 1246 industriam
304 1188 495 1264 singulorum
537 1187 637 1262 Itaque
650 1204 741 1261 quum
754 1186 826 1243 inter
848 1196 973 1243 caeteros
994 1187 1093 1263 etipse

15 1263 16 1268 ’
113 1266 280 1325 Artabanus
286 1277 415 1325 ermerus
426 1267 576 1334 assisteret,
585 1283 637 1321 rex
646 1262 801 1344 simulavit,
810 1282 844 1322 se
855 1264 1018 1323 breviorem
1030 1263 1094 1324 lori·

111 1363 178 1403 carn
192 1344 305 1412 babere,
322 1344 465 1421 jussitque
477 1344 657 1402 Artabanum
680 1358 764 1399 snam
782 1361 881 1401 secum
902 1353 1092 1419 commutare;
1136 1370 1137 1383 ι

111 1432 175 1481 turm
195 1433 348 1481 exuentem
368 1442 401 1481 se
419 1434 446 1481 et
458 1421 598 1481 nudatum
617 1419 714 1497 gladio
727 1421 841 1496 trajecit,
862 1422 1008 1497 simulque
1020 1420 1093 1481 filius

111 1498 176 1575 ejus
187 1500 294 1578 corripi
303 1501 389 1575 jubet
430 1504 529 1577 Atque
547 1500 587 1558 ita
599 1499 736 1575 egregius
746 1500 862 1575 juvenis
878 1510 906 1558 et
917 1498 1036 1559 caedem
1047 1519 1094 1579 pn·

110 1578 170 1648 ota
184 1577 433 1638 etseubinsidiis
446 1577 588 1638 Artabani
600 1577 775 1637 vindicanti
1137 1625 1138 1703 p

191 1751 239 1808 at.
260 1746 406 1809 intestina
414 1749 563 1913 disruppic
575 1750 715 1907 invulgpp
728 1748 889 1809 Persarum
903 1749 1013 1825 gliscit.
1137 1704 1138 1795 i

152 1988 342 2046 Artaxerxem
354 1995 469 2045 secutus
487 1995 530 2043 est
541 1983 622 2061 tilius
635 1985 756 2054 Xerxes,
770 1986 820 2062 qui
833 1995 896 2065 post
908 1984 996 2045 breve
1008 1985 1095 2064 quad·
1138 2011 1139 2071 t

111 2067 226 2141 regium
238 2064 489 2144 quinquedierum
501 2061 995 2141 regnumsSogdienooccisusest.
1034 2066 1095 2129 Qui

111 2156 236 2219 regnum
258 2143 367 2202 sceiere
385 2152 556 2221 occupatum
576 2160 667 2219 quum
687 2142 821 2202 oeedibus
840 2145 915 2203 tueri
932 2155 1095 2216 conaretur,

110 2233 174 2359 pp:
194 2232 302 2313 septem
324 2240 439 2281 menses
461 2240 479 2279 s
498 2220 600 2280 'Dario‘
617 2220 727 2299 proelio
740 2232 889 2298 superatus
902 2223 994 2299 periit.
1037 2222 1097 2283 Sub
1138 2284 1139 2301 ,

135 2300 141 2313 ’
171 2301 290 2377 regibus
303 2300 457 2377 imperium
471 2300 628 2360 Persarum
642 2298 806 2377 principum
814 2300 965 2360 discordiis
978 2302 1098 2381 populo·

111 2394 235 2455 rumque
247 2378 432 2439 seditionibus
444 2378 584 2455 agitatum
597 2377 693 2455 tnagis
704 2380 856 2456 ,magisque
870 2380 1016 2439 inclinari⁸
1036 2400 1097 2440 eoe-

110 2456 159 2535 pit
196 2456 304 2516 Darius
313 2458 440 2515 moriens
451 2456 612 2526 Artaxerxi,
622 2457 726 2535 majori
734 2469 803 2516 netu
817 2458 885 2528 filio,
895 2459 945 2535 qui
954 2460 1098 2519 Mnemon

112 2533 316 2613 appellabatur,
336 2554 468 2611 regnum,
487 2534 603 2606 minori,
631 2534 719 2614 Cyro,
742 2535 828 2595 urbes
849 2536 969 2615 Lydiae,
990 2538 1098 2614 qussius

111 2615 271 2705 praefectus
284 2614 343 2683 tuit,
357 2624 522 2673 testamento
535 2614 648 2691 legavit
680 2614 735 2673 Sed
750 2616 831 2692 Cyro
841 2614 995 2691 judiciuin‘
1007 2616 1099 2693 patris

111 2693 218 2768 injuria
230 2692 394 2769 ridebatnr5
415 2692 511 2770 itaque
523 2692 634 2751 occulte
646 2692 784 2751 adversus
797 2693 912 2753 fratrem
924 2694 1038 2753 bellum
1052 2713 1100 2771 pa·

112 2772 192 2830 ravit
235 2770 322 2835 Quod
335 2790 426 2850 quum
438 2772 601 2831 nuntiatum
614 2782 688 2831 esset
702 2772 862 2843 Artaxerxi,
886 2772 1000 2851 Cyrum
1013 2772 1054 2831 ad
1067 2790 1101 2832 se

113 2850 281 2909 arcessitum
303 2850 488 2927 compedibus
510 2852 610 2911 aureis
637 2850 735 2920 vinxit,
762 2849 1012 2929 inertemque,
1041 2852 1099 2913 nist

112 2938 204 2989 nater
212 2928 410 3006 prohibuisset

192 3107 239 3165 22.
264 3106 360 3184 Cym
372 3107 407 3167 ιἰι
420 3107 492 3168 bello
505 3108 643 3266 ffvgmvs
649 3107 777 3265 {rpperi
791 3094 916 3185 suscepto
926 3110 1016 3187 perit.
1096 3170 1100 3175 ,

139 3205 141 3210 .
382 3245 384 3248 ¹
543 3206 596 3245 u·
642 3232 649 3246 ο
699 3233 704 3244 ·
1023 3214 1026 3221 ,

153 3323 241 3386 Quod
254 3324 417 3403 pericnlum
430 3345 520 3405 qnnm
534 3326 689 3417 effugisset,
712 3328 809 3407 Cyrus
823 3326 885 3405 jam
904 3326 1098 3393 nonoccults

112 3401 228 3472 balium,
242 3404 294 3463 sed
306 3404 402 3482 palam
415 3422 518 3483 parare
530 3417 636 3482 coep1t3
658 3407 801 3471 auxilium
809 3406 938 3483 undique
947 3405 1097 3466 contrabit.

110 3480 169 3538 ssa
180 3498 272 3557 quum
284 3482 316 3540 in
329 3485 448 3559 proelio'
470 3485 625 3543 commisso
639 3484 753 3543 fratrem
771 3482 984 3561 imprudentius
996 3504 1100 3563 aggre-

110 3552 195 3624 ditur,
217 3558 297 3617 bunc
308 3559 437 3634 quidem·
455 3561 522 3636 equi
535 3562 615 3635 [ιμ’
633 3562 762 3637 periculo
776 3562 921 3632 subtraxit,
937 3564 1040 3643 Cyrus
1053 3580 1100 3623 su·

20 3711 21 3715 Ἰ
109 3634 178 3689 tem·
189 3652 208 3689 a
220 3636 336 3693 eoborte
348 3636 430 3711 regia
443 3638 655 3695 circumventus
670 3640 845 3699 interficitur.
888 3642 924 3701 Iu
937 3662 973 3703 eo
987 3640 1100 3721 proelio

109 3704 210 3766 &sm
222 3711 315 3771 millis
335 3714 516 3785 Grseeonttu
536 3712 568 3771 in
587 3716 696 3775 suxilio
718 3718 792 3797 Cyri
812 3720 910 3798 iirere;
930 3738 1008 3799 quse
1021 3730 1050 3783 et
1068 3718 1103 3779 ia
