2300 4059
757 13 780 48 ,Ο

124 94 168 155 ts
207 166 211 176 Ι
415 65 810 151 „insonaturum

122 246 453 309 vinnaclariaairnafnit
484 248 684 309 Pommonem
692 243 861 312 Alexandri,
869 247 1102 325 occupatoregm

125 327 259 397 Orientis,
273 327 373 385 urbem
388 325 521 393 condidit,
538 325 626 402 patris
639 324 756 383 nomine
770 323 957 385 Antiochiam
972 337 1102 395 vocatam,

121 416 152 468 et
163 426 282 483 campos
290 405 354 464 urbi
364 404 473 464 vicinos
482 404 616 481 Apollini
626 403 829 481 dicenteque
838 404 957 479 generis
966 404 1104 481 originem

124 484 250 544 ducebat
292 483 386 542 Multa
398 484 430 541 in
443 482 561 543 Oriente
575 495 638 561 post
646 483 817 543 divisionem
828 482 904 549 inter
917 483 1013 543 socios
1027 484 1103 559 regni

116 562 306 624 Macedonici
325 560 402 621 bella
418 560 514 638 gessit
549 561 706 638 Principio
721 560 914 639 Babyloniam
927 560 1018 638 cepit:
1043 561 1104 623 inde

123 642 215 700 auctis
228 662 265 701 ex
277 641 394 699 victoria
404 641 514 699 uiribus
524 640 693 698 Bactrianos
707 639 889 717 expugnavit.
933 640 1104 719 Compositio

122 719 226 779 deinde
239 721 269 777 in
283 720 402 788 Oridte
415 720 508 788 rebus,
530 718 562 776 in
573 717 684 777 bellurn
708 738 774 776 cum
790 718 939 793 Antigono
953 718 1103 781 descendit

123 799 294 874 Coujunctis
302 798 391 874 igitur
399 797 529 856 omniurn
538 799 682 863 sociorum
692 797 790 874 copiis,
799 794 951 874 proelium¹
962 798 1105 857 committi·

121 887 180 953 tur3
196 878 225 935 in
236 876 448 953 eoAntigonus
454 876 606 953 occiditur;
630 876 795 935 Demetrirrs
805 875 883 934 filius
891 876 954 951 ejus
964 875 996 935 in
1009 876 1104 953 fugam

121 956 246 1015 vertitur.
289 954 345 1014 Sed
367 955 447 1023 socii,
470 955 622 1031 profligato
644 954 742 1013 hostili
754 953 838 1023 bello,
861 953 956 1013 denuo
975 955 1007 1013 in
1021 967 1104 1014 semet

122 1032 201 1110 ipsos
219 1053 302 1092 arma
322 1044 480 1110 verterunt3
502 1045 537 1102 et,
557 1034 647 1109 quum'
670 1032 706 1093 de
727 1032 834 1112 praeda
853 1054 911 1093 non
934 1035 1103 1103 conveniret,

121 1111 227 1171 iterum
248 1114 279 1171 in
301 1112 373 1170 duas
395 1113 532 1172 fictiones
552 1110 734 1171 diducuntur.
785 1110 925 1171 Seleucus
949 1112 1103 1181 Demetrio,

122 1189 305 1249 Ptolemaeus
317 1190 493 1270 Lysimacho
503 1190 673 1267 jungrmtur.
716 1189 880 1249 Cassandro
893 1190 1030 1249 defuncto
1041 1192 1104 1250 Phi·

119 1267 217 1409 {iplpps
230 1270 309 1329 filius
323 1269 455 1329 succedit
496 1268 546 1328 Sic
558 1269 642 1346 quasi
654 1288 691 1327 ex
703 1269 815 1346 integro
828 1288 904 1328 nova
918 1270 1104 1330 Macedoniae

208 1360 373 1409 nascuntur.
817 1359 821 1365 ’

31 1469 34 1473 A
113 1506 167 1567 dl.
187 1508 327 1589 &gnara
340 1506 540 1577 Macedoniae,
551 1487 729 1583 parricidiis
742 1468 921 1583 inquinatos,
938 1466 1102 1569 Dercetius

155 1606 189 1626 2
259 1623 263 1629 ν
387 1594 513 1661 occupat.
557 1584 672 1667 (lustin.
687 1586 773 1645 XVI.
792 1586 828 1663 1.)

153 1716 224 1775 Post
233 1714 391 1775 Cassandri
399 1714 604 1792 regisfiliique
612 1714 673 1793 ejus
683 1714 762 1775 Phili
785 1714 812 1793 pi
822 1716 974 1774 continuas
982 1716 1102 1785 mortes,²

119 1793 337 1863 Thessalonice,
358 1812 433 1853 uxor
455 1794 620 1863 Cassandri,
640 1813 699 1852 non
719 1735 810 1853 muito
830 1806 892 1873 post
911 1805 1050 1871 tempore,
1069 1792 1102 1854 ah

118 1875 270 1951 Antipatro
278 1872 339 1931 filio
348 1872 493 1932 occiditur.
529 1873 628 1932 Causa
642 1872 950 1959 parricidiifuitquod,
959 1884 1024 1949 post
1032 1892 1102 1932 mor·

117 1962 176 2010 tem
189 1950 292 2021 mariti,
313 1952 345 2010 in
358 1951 499 2011 divisione
512 1952 586 2009 iuter
599 1951 699 2009 fratres
713 1950 804 2027 regni,
826 1951 856 2009 in
872 1943 997 2009 hlterum
1011 1951 1101 2011 filiurn

117 2030 320 2091 Alexandrum
340 2030 488 2090 ridebatur
508 2030 598 2089 fuisse
618 2030 793 2107 propensior.
837 2028 925 2091 Quod
945 2029 1059 2089 facinus
1071 2051 1102 2089 eo

112 2108 238 2186 *gravms
247 2109 343 2168 visum
353 2119 402 2179 est
415 2109 491 2185 quod
501 2108 615 2167 nullum
626 2120 772 2168 maternae
780 2106 888 2167 fraudis
898 2107 1056 2185 vestigium
1065 2110 1103 2169 iu·

111 2186 145 2263 ,ie
182 2188 226 2247 Ob
240 2187 311 2246 haec
326 2188 415 2263 igitur
424 2188 600 2253 Alexander,
611 2186 640 2245 in
649 2186 789 2255 ultionem
799 2199 944 2246 maternae
952 2187 1036 2247 necis
1046 2208 1103 2265 ges
1138 2260 1139 2265 ἵ

113 2274 199 2340 ¹turus
213 2286 280 2325 cum
294 2266 379 2325 fratre
390 2264 507 2335 bellurn,
521 2264 664 2325 auxilium
678 2284 696 2323 a
712 2266 858 2325 Demetrio
873 2266 956 2343 petit:
980 2286 1035 2325 nec
1052 2268 1103 2325 De
1138 2286 1139 2289 ¹

117 2344 467 2421 metriusspeinvadeudi
477 2343 659 2404 Macedonici
669 2344 761 2421 regni,
772 2364 883 2403 moram
892 2344 964 2403 fecit.
1011 2346 1101 2423 Cujus

17 2456 47 2515 9
113 2422 272 2480 adrentum
284 2441 393 2482 verens
403 2423 598 2501 Lysimachus
612 2422 762 2500 persuadet
776 2442 883 2500 genero
898 2426 1060 2501 Antipatro,
1074 2434 1101 2482 ut

116 2500 198 2559 malit
210 2520 277 2559 curn
291 2501 375 2559 fratre
395 2520 454 2559 suo
462 2502 493 2559 in
514 2503 638 2578 gratiam
652 2502 753 2571 redire,
774 2521 860 2579 quarn
875 2513 1029 2579 paternum
1042 2503 1101 2561 hos·

114 2589 174 2638 tem
188 2581 218 2639 in
233 2577 433 2640 Macedoniam
456 2580 573 2640 admitti.
617 2580 784 2639 Inchoatam
807 2581 896 2657 igitur
915 2581 991 2640 inter
1004 2581 1100 2640 fratrea
1137 2596 1138 2640 l

116 2659 378 2718 reconciliationem
398 2678 489 2735 quum
508 2659 714 2737 praesensisset
730 2659 902 2729 Demetrius,
916 2679 971 2737 per-
983 2658 1100 2718 insidias

115 2737 317 2797 Alexandrum
346 2738 492 2807 interfecit,
523 2756 706 2815 regnumque
735 2737 924 2797 Macedoniae
945 2758 1016 2797 occu
1056 2739 1099 2797 vit
1136 2786 1137 2789 ,

117 2814 314 2894 Lysimachus
335 2836 456 2895 quoque,
473 2836 565 2895 quum
582 2814 656 2874 hello
675 2816 893 2885 Dromichaete,
916 2816 997 2893 regis
1042 2817 1102 2875 hra-
1136 2824 1137 2835 ¹

114 2914 191 2964 cum,
205 2907 388 2972 premeretur,
397 2896 545 2955 traditaei⁸
557 2894 734 2972 alteraparte
748 2893 943 2964 Macedoniae,
954 2914 1031 2973 quae
1045 2899 1101 2957 An·
1136 2878 1137 2960 i

114 2972 216 3051 tipatro
230 2974 292 3050 ejus
305 2993 414 3051 genero
426 2976 593 3042 obvenerat·
601 2992 703 3052 pacem
716 2992 783 3032 cum
796 2992 831 3033 eo
843 2973 916 3033 iecit.

141 3129 187 3187 48.
210 3127 375 3190 Demetrius
384 3150 405 3189 o
416 3130 544 3206 Pyrrho,
555 3128 649 3206 Epiri
663 3092 739 3207 rege,
754 3130 931 3191 Macedonio
940 3130 1074 3209 pellitur.
1135 3124 1136 3131 '

468 3209 583 3292 (lustin.
599 3208 685 3269 XVI.
702 3208 742 3286 2.)

154 3335 249 3413 Igitur
270 3334 442 3403 maenus,
469 3335 556 3395 totius
586 3335 776 3403 Macedoniae
803 3334 913 3395 rinhua
936 3336 1101 3405 instruetur,

114 3413 219 3475 Asiam
239 3433 383 3490 occupare
404 3414 505 3473 statuit
547 3415 604 3473 Sed
624 3415 815 3484 Ptolomaeus,
836 3416 975 3475 Seleucus
993 3427 1026 3483 ¹et
1049 3418 1102 3495 Ly·
1134 3468 1135 3471 ,

113 3492 269 3560 simachus,
298 3503 381 3569 pacta
400 3492 532 3560 societate
552 3493 768 3570 conjunctisque
796 3494 895 3572 copiis,
923 3492 1040 3555 bellurn
1060 3494 1102 3555 ad·
1134 3498 1135 3569 l

109 3587 215 3626 sersus
230 3570 411 3629 Demetrium
423 3572 596 3633 maslerant
606 3571 637 3629 in
651 3572 809 3649 Europam.
853 3574 912 3633 His
920 3573 1101 3635 comitemso
1134 3570 1135 3595 ¹

109 3644 208 3776 {pingit
229 3647 371 3723 Pyrrhus,
393 3666 443 3705 rex
464 3648 557 3724 Epiri,
575 3668 702 3725 sperans,
720 3651 901 3713 Demetrium
920 3670 982 3711 non
1003 3652 1102 3713 diffini

110 3730 173 3777 ³us
200 3723 344 3787 amittere.
358 3724 561 3785 Macedoniam
580 3745 672 3805 posse,
693 3746 782 3806 quam
809 3730 990 3809 acquisierat
1040 3733 1102 3793 Nee

1133 3846 1134 3917 l

1131 3964 1133 4025 l
