2300 4059
107 62 149 125 tu
406 19 414 31 Ι
486 79 546 125 ιιι
559 77 708 123 moruus.
810 90 812 101 v

106 216 311 279 Crotonienses
398 217 498 291 editur,
507 220 559 298 qui
570 240 640 281 cmn
653 218 751 298 parvis
763 218 854 298 copiis
862 218 976 280 fortiter
990 220 1090 283 restite·

104 309 177 358 runt
221 298 288 358 Hoc
301 300 336 359 be
358 311 561 377 ooccupstum
576 299 754 379 Dionysium
767 298 853 375 legati
864 298 1036 369 Gallorum,
1045 299 1091 377 qui

103 396 212 455 paucos
232 390 298 437 ente
316 394 431 438 menses
451 379 579 437 Romam
598 378 799 447 incendemnt¹
816 378 984 438 societatem
997 378 1091 437 amici·

102 454 229 535 tismque
241 456 491 535 petentesudeunt.
533 458 625 517 Grstu
647 456 753 535 legatio
778 457 921 535 Dionysio
944 457 1007 516 mis
1052 459 1092 518 lu
1140 504 1141 507 η

102 536 337 624 pncm‘societnte,
350 547 379 595 et
390 536 509 595 auxiliis
538 536 695 596 Gallorum
709 539 817 603 suc'tus,
830 535 943 595 bellum
957 536 1039 595 velut
1058 556 1091 595 ex

102 625 215 691 integro
235 626 381 674 restauret
422 615 479 673 Sed
498 635 574 674 eum
588 616 619 675 in
639 614 769 674 Siciliam
783 614 922 693 adventus
938 614 1091 693 Carthagi·

101 692 247 751 niensium
260 694 410 763 revocavit,
428 694 487 771 qui,
506 707 636 773 reparato
649 694 786 763 exercitu,
797 692 907 753 bellum
921 693 1019 753 auctis
1028 694 1091 753 viri·

100 770 156 830 bus
169 773 336 850 repetebant.
379 774 445 832 Nec
466 772 557 832 multo
580 774 646 851 post'
666 772 833 852 Dionysius,
856 772 987 832 assiduis
1007 772 1090 833 bellis

102 849 194 909 rictus
205 852 376 931 fructusque,
389 851 427 910 sd
438 863 616 930 postremum
628 871 749 911 suorum
761 850 874 910 insidiis
888 851 1070 923 interficitur.

174 1012 201 1069 s.
225 1008 492 1087 nemeseus
500 1010 586 1087 patri
599 1010 731 1071 soctan
774 974 857 1092 (Just.
872 1008 963 1069 uxr.
984 1010 1025 1088 1.)

139 1164 189 1227 Eo
201 1168 339 1228 exstincto
358 1167 465 1227 milites
477 1169 638 1227 maximum
658 1177 726 1226 netu
745 1186 783 1227 ex
795 1164 864 1225 filiis
877 1166 949 1243 ejus,
970 1167 1090 1228 nomine

102 1242 287 1325 Dionysium,
300 1246 331 1305 in
341 1246 404 1323 ejus
417 1246 517 1307 locum
525 1246 672 1307 suffecere
705 1246 775 1315 unt
786 1256 817 1305 ut
830 1245 1024 1324 popularium
1032 1249 1090 1306 uni·

98 1342 163 1383 mos
172 1325 246 1385 inter
255 1326 337 1385 initis
353 1326 435 1403 regni
455 1326 510 1385 sibi
526 1325 700 1395 conciliaret,
717 1326 868 1384 nexorum¹
888 1324 947 1383 trie
965 1326 1089 1387 millias

98 1422 214 1463 carcere
227 1404 356 1481 dimittit3
377 1405 482 1463 tribute
503 1404 610 1482 populo
633 1405 708 1463 intre
727 1404 885 1463 triennium
907 1404 1035 1475 remittit,
1056 1417 1087 1477 et,

97 1482 318 1563 quibuscunque
331 1482 523 1543 delinimentis
535 1494 633 1561 potest,
655 1483 767 1541 animos
781 1482 922 1542 ¹omnium
936 1482 1089 1543 sollicitst'

99 1560 185 1620 Tunc
198 1562 320 1621 fratrum
331 1581 453 1621 suorum
466 1561 634 1633 srrmculos,
653 1561 743 1621 veluti
755 1560 886 1621 aemulos
900 1562 1022 1639 imperii
1034 1564 1086 1633 sui,

97 1636 313 1719 hortatoresque
326 1660 484 1721 puerorum
504 1640 542 1699 sd
554 1640 728 1703 diuisionem
745 1640 838 1719 regni,
859 1640 988 1714 sustulit,
1002 1641 1089 1723 ipsos·

96 1736 155 1797 qus
165 1718 264 1799 paullo
277 1730 341 1800 post
353 1720 454 1780 iratres
465 1719 606 1779 interficit

228 1924 232 1931 <
313 1881 339 1941 b
361 1878 467 1957 Regno
476 1878 608 1955 pellitur.
631 1878 715 1961 (Just.
730 1876 816 1939 XXI.
831 1878 872 1957 2.)

134 2035 261 2097 Sublatis
274 2036 398 2098 seruulis
410 2036 442 2117 in
455 2034 609 2113 segnitiem
621 2034 728 2113 lapsus,
745 2035 879 2114 saginant
901 2038 1036 2116 corporis
1052 2056 1086 2099 er

95 2114 187 2179 nimis
195 2114 319 2185 luxurie,
328 2116 536 2193 oculorumque
545 2114 738 2175 valetudinem
747 2116 893 2185 contruxit,
901 2115 976 2183 ‚adeo
986 2129 1085 2179 utnon

94 2192 195 2263 solem,
201 2215 260 2255 non
268 2194 619 2273 pidveremnondenique
628 2192 809 2272 splendorem
817 2194 892 2254 ferre
897 2192 973 2255 lucis
979 2210 1082 2275 posset.

95 2271 300 2351 Propterquue
313 2274 383 2335 dum
396 2272 539 2335 contemni
552 2293 585 2335 se
597 2284 683 2353 putat,
691 2274 811 2335 saevitis
821 2287 978 2351 grassatur,
988 2276 1085 2336 civita·

93 2360 208 2428 temque
220 2352 357 2412 caedibus
370 2353 476 2432 implet
520 2355 606 2415 Quae
627 2352 746 2413 saevitia
758 2372 849 2433 quum
864 2374 934 2413 eum
948 2354 1084 2416 omnibns

93 2428 222 2493 inrisum
235 2431 411 2502 reddidisset,
431 2443 459 2491 et
477 2431 588 2493 bellum
609 2430 732 2509 denique
753 2433 930 2511 Syracusani
943 2433 1084 2495 adversus

93 2528 161 2569 eum
175 2509 374 2580 decrevissent,
388 2510 439 2571 diu
452 2510 607 2583 dubitavit,⁴
621 2510 775 2589 imperium
789 2510 941 2589 deponeret
954 2532 993 2572 un
1008 2512 1083 2573 bello
1140 2548 1141 2585 r

93 2589 243 2650 resisteret
284 2590 342 2651 Sed
359 2610 378 2649 s
390 2590 538 2660 militibus,
554 2589 692 2669 praedem
705 2610 742 2649 ex
755 2590 835 2650 urbis
849 2588 1010 2671 direptione
1022 2612 1082 2671 spe-
1140 2602 1141 2677 }

93 2669 231 2741 rentibus,
240 2668 414 2730 descendere
427 2670 458 2729 in
471 2669 615 2748 proelium
628 2670 749 2747 cogitur.
793 2670 866 2731 Plus
879 2670 971 2731 semel
980 2672 1083 2745 victus,

93 2745 203 2825 legulos
212 2750 250 2809 ed
258 2752 458 2841 Syracusanos
470 2748 560 2819 mittit,
573 2748 726 2827 spondens,
741 2767 772 2807 se
782 2746 978 2826 depositurum
985 2761 1084 2830 tyrun-

92 2826 198 2897 uidem,
212 2828 239 2886 si
252 2839 394 2888 mitterent
402 2828 440 2887 ud
449 2847 523 2896 eum,
534 2828 707 2906 quibuscum
718 2826 772 2887 sibi
783 2826 818 2887 de
826 2848 897 2905 pace
905 2830 1081 2891 conveniret

94 2905 131 2966 In
143 2925 232 2983 quum
245 2925 307 2965 rem
319 2906 424 2967 missos
436 2907 578 2985 primores
587 2906 616 2967 in
631 2926 746 2965 carcere
759 2908 876 2975 retinet,⁵
888 2918 974 2985 atque
982 2908 1029 2980 its,
1040 2909 1083 2969 in·

92 2985 185 3046 seruis
197 2985 332 3045 omnibus
344 2987 571 3063 necquidquam
579 2984 684 3045 hostile
702 2986 901 3055 metuentibus,
920 2987 1082 3049 exercitum

91 3064 129 3123 sd
142 3062 449 3124 delendumcivitatem
471 3064 561 3123 mittit.
604 3064 652 3123 Fit
665 3064 755 3155 igitur
768 3062 797 3125 iu
812 3063 960 3143 ipsuurbe
973 3086 1080 3147 anceps

91 3141 252 3221 proelium3
274 3142 380 3222 inquo.
389 3142 541 3223 oppidanis
549 3142 733 3203 multitudrne
747 3142 957 3235 superantibus,
969 3144 1081 3225 Diony·

91 3220 153 3281 sius
166 3220 290 3300 pellitur,
312 3222 363 3299 qui
376 3241 468 3300 quum
480 3222 659 3283 obsidionem
679 3222 756 3283 orcis
773 3233 890 3293 teneret.
914 3222 1080 3301 cumomni

92 3300 174 3379 regio
186 3302 370 3381 sppsrutu'in
385 3300 500 3361 ltaliam
512 3301 639 3380 profugit
652 3300 761 3361 tacitus.
