2300 4059
360 82 566 129 nacarouurr
582 80 754 125 rnrrururr.
1013 64 1051 129 88

64 213 207 295 petebant
234 212 365 277 ombus
377 211 461 283 bellis
480 214 613 274 omnibus

62 292 606 371 aliniuterpositapectionecomposuit,
615 232 822 369 abuteremiu
829 290 1053 353 invalidissimo·
1128 326 1129 365 t

85 393 198 451 uosque
215 383 375 450 aggressus
391 372 471 431 vicit:
495 392 552 449 quo
565 373 671 431 fectum
686 382 735 441 eet,
749 382 780 430 ut
793 382 820 429 et
833 370 957 431 militum
970 372 1054 450 trepl
1128 378 1130 451 ζ

49 393 121 523 ,dos
142 453 255 511 animos
276 452 410 521 firmaret,
433 462 460 510 et
482 471 514 511 se
529 472 548 511 a
568 461 711 510 contemtu
737 450 865 509 hostium
887 450 1051 511 vindicaret.
1128 454 1130 517 l

67 531 205 593 Primum
213 531 256 591 illi
264 550 332 589 cum
342 530 568 603 Atheniensibus
579 542 722 589 certarnen
730 528 766 587 ad
771 529 979 607 'Amphipolin'
987 530 1053 609 fuit5

65 610 173 687 quibus
192 609 244 688 per
264 608 384 669 insidias
403 610 491 680 victis,
505 630 597 689 quum
616 608 776 669 interficere
789 628 887 667 omnes
897 616 998 687 posset,
1013 610 1055 670 in-

66 682 198 749 colu'mes
212 687 275 747 sine
288 690 377 767 pretio
386 687 500 749 dimisit
544 691 614 748 Post
623 688 702 756 huec,
712 685 789 747 bello
797 687 826 745 in
838 687 956 766 Illyrios
965 699 1055 748 trans·
1130 682 1132 723 Ὗ

67 766 589 837 lato,multemilliuhostinrucaedit.⁸
619 767 730 827 Urbem
738 765 947 825 nobilissimam
959 768 1055 827 luris·
1132 778 1133 809 ³

65 863 133 910 sam
145 844 264 925 capitin
278 845 440 915 Thessalia,
449 863 513 906 non'
522 844 645 925 praedae
658 844 967 923 cupiditate,sedquod
977 864 1055 905 ener-
1133 858 1134 915 ἴ

64 925 139 985 citui
157 943 211 984 suo
231 926 321 985 robur
340 925 552 985 Thessalorum
573 924 712 1003 equitum⁴
731 923 889 1001 adjungere
909 925 1053 1001 gestiebat
1134 975 1135 1005 ,

54 1003 130 1065 'His
141 1004 181 1063 ita
194 1004 290 1081 gestis.
301 1004 362 1081 jam
376 1024 435 1063 non
444 1015 593 1063 contentus
607 1004 777 1063 submovere
786 1004 869 1071 bella,
880 1004 955 1064 ultro
969 1006 1056 1065 etiam

65 1082 180 1160 quietos
188 1084 313 1144 lacessit
357 1085 459 1146 Quum
472 1084 654 1143 Methonem⁶
667 1080 768 1141 urbem
781 1094 968 1161 oppugnaret,
978 1082 1056 1159 jacta

64 1162 103 1220 de
117 1161 210 1221 muris
223 1162 336 1239 sagittu⁸
344 1162 477 1231 dextrum
490 1163 609 1223 oculum
622 1162 700 1237 regis
710 1160 812 1221 effodit.
856 1162 926 1224 Quo
936 1162 1056 1223 vulnere

63 1256 123 1299 nec
136 1260 168 1299 se
210 1240 254 1299 ior
276 1241 307 1299 in
320 1240 437 1310 bellum,
454 1260 509 1301 nec
522 1240 689 1301 iracundior
702 1239 840 1299 adversus
856 1240 952 1302 hostes
965 1241 1056 1301 faetus

62 1330 124 1397 θεὶς
145 1340 163 1379 a
183 1340 217 1379 eo
238 1331 275 1388 ut.
296 1320 450 1397 interjectis
469 1320 589 1389 diebus,⁷
608 1338 710 1397 pacem
730 1318 948 1397 deprecantibus
967 1317 1055 1388 daret,

62 1418 122 1457 nee
142 1398 306 1458 moderatus
332 1410 450 1471 tanturn,
470 1401 681 1459 verumetiam
706 1400 784 1459 ruitis
804 1398 944 1459 adversus
966 1398 1056 1459 vico·

189 1650 232 1709 ‘u
272 1647 432 1727 Philippus
445 1668 473 1709 se
488 1649 667 1709 Graecorum
677 1649 759 1709 redut
772 1648 918 1712 innuat.

420 1728 536 1811 (lustin
552 1728 644 1788 vnn
659 1729 696 1807 1.)
851 1770 852 1773 η

106 1909 210 1973 Rebus
233 1910 425 1977 Macedoniae
450 1912 623 1993 compositis,
647 1911 834 1991 finitimisque
855 1910 985 1973 hostibus
1007 1924 1057 1975 aut

62 1990 188 2053 devictis
200 2004 250 2052 aut
262 1993 374 2062 territis,
390 1992 545 2071 Philippus
556 1994 738 2053 Graecomm
748 1992 870 2052 libertati
884 1992 976 2071 coepit
984 1992 1057 2053 vinsi·

61 2072 148 2131 diari
194 2073 295 2134 Quare
303 2072 451 2132 civitatum
458 2072 653 2133 contentiones
663 2071 720 2139 alit,
731 2081 757 2129 et
767 2070 909 2130 auxilium
917 2070 1057 2132 inferiori·

60 2151 131 2210 bus⁸
138 2148 255 2211 ferendo
263 2154 352 2211 victos
363 2151 471 2229 pariter
478 2151 585 2211 victore
619 2170 657 2209 ue
666 2150 764 2209 subire
772 2150 883 2227 regiam
892 2150 1057 2211 servitutem

60 2228 171 2308 coegit
215 2224 314 2289 Causa
326 2238 353 2288 et
366 2230 449 2307 origo
462 2228 551 2306 hujus
564 2246 613 2289 ma
625 2228 636 2288 i
646 2228 781 2289 Thebani
788 2228 884 2307 litere3
906 2231 1057 2307 quiquam

60 2327 168 2370 rerum
180 2308 346 2385 potirentur,
359 2307 522 2369 incredibili
534 2307 601 2368 odio
614 2308 754 2368 adversus
769 2308 935 2369 Phocenses
946 2309 1058 2369 inflam-

58 2387 270 2458 metibellum
283 2406 400 2447 sacrum
412 2387 580 2448 excitavere.
625 2385 713 2449 Quod
726 2405 817 2463 quum
831 2386 886 2447 soli
899 2388 1057 2467 proflifflre

59 2465 451 2623 liffifflddili
460 2464 756 2625 lthtltttttl
766 2465 1058 2623 tttlffilltlt

57 2626 132 2685 auri
141 2624 175 2683 in
182 2622 251 2683 belli
260 2643 349 2684 usum
357 2636 562 2686 converterant.
599 2624 693 2702 Igitur
705 2591 867 2703 Philippus,
878 2624 959 2701 quusi
971 2624 1057 2685 sacri·

58 2702 137 2782 legii
151 2702 229 2762 ultor
243 2714 324 2775 esset,
338 2724 440 2763 omnes
453 2702 560 2763 milites
572 2720 694 2762 coronas
709 2700 833 2763 laureas·
841 2722 958 2761 sumere
968 2702 1056 2783 jubet,

57 2794 151 2861 atque
162 2781 209 2851 ita,
223 2782 312 2842 veluti
324 2782 380 2842 deo
393 2782 474 2853 duce,
485 2782 516 2841 in
529 2780 673 2860 proelium
687 2782 787 2859 pergit.
830 2782 1005 2853 Phocenses,
1015 2782 1058 2842 in·

56 2860 202 2940 sigmbus
216 2861 262 2923 dei
275 2864 442 2940 conspectis,
457 2861 632 2922 conscientia
645 2858 815 2919 delictorum
827 2860 925 2932 territi,
933 2860 1057 2941 abjectis

56 2938 272 3078 armignlugam
279 2952 439 3021 oapemmt,
447 2938 742 3021 menmueiiolotee
752 2938 903 3018 religionis
912 2940 1057 3021 sanguine

57 3039 124 3103 pen
188 3029 205 3078 t
379 3073 383 3080 Α
763 3034 768 3051 ⁴
805 3027 809 3037 '

196 3200 223 3259 7.
244 3151 246 3154 Ι
265 3168 354 3261 linet
364 3198 484 3279 imperii
492 3210 649 3279 promet.
691 3172 775 3284 (Just
791 3198 879 3262 v111.
899 3202 937 3279 1.)
996 3182 1001 3193 ⁵

101 3380 273 3462 Philippus,
287 3404 380 3462 quum
393 3404 532 3463 magnam
544 3384 613 3447 inde
627 3386 753 3463 gloriam
765 3386 844 3525 apud
857 3406 957 3463 omnes
970 3354 1058 3447 natio·

56 3483 115 3525 nes
136 3462 261 3541 adeptus
282 3475 362 3533 esset,
384 3464 539 3544 Olynthios
560 3465 736 3543 aggreditur.
809 3477 958 3544 coeperant
977 3466 1057 3527 enim

56 3563 114 3623 per
128 3541 369 3613 misericordiam,
378 3555 441 3623 post
454 3543 572 3606 caedem
586 3546 682 3612 unius.
693 3543 766 3603 duos
775 3543 876 3604 fratres
885 3544 975 3621 ejus,¹⁰
984 3563 1058 3622 quos

58 3620 149 3683 Phili
170 3640 227 3700 pus
240 3642 277 3681 ex
288 3642 413 3681 noverca
426 3623 547 3703 genitos,
563 3624 640 3684 velut
652 3622 783 3683 aemulos
797 3623 888 3699 regui,
898 3622 1058 3689 interficer'o

57 3701 158 3781 gestie
258 3700 303 3761 Ob
323 3700 398 3763 hanc
419 3702 509 3782 igitur
522 3720 640 3763 cauum
660 3701 762 3761 urbem
776 3700 923 3778 antiquam
936 3710 962 3759 et
979 3700 1059 3767 nobi·

1125 154 1128 215 l

646 232 717 272 uum
735 230 865 290 paresne
878 230 936 273 non
948 223 1052 293 postet,
1126 216 1128 277 l

1127 287 1129 325 l
