2300 4059
337 134 537 179 usoaoornnr
552 135 725 179 raraararr.
978 118 1017 179 st

116 277 164 335 to.
187 271 283 337 Docet
295 276 330 334 de
343 276 464 352 inperio
478 274 677 340 cantitoeodo
691 274 814 335 tonsilia
827 273 935 334 ineant.

54 362 63 367 ’
250 368 253 371 ⁴
388 353 502 436 (Justin.
518 354 609 413 XIII.
624 353 664 431 2.)

72 512 241 579 Caeterum,
255 510 386 569 defuncto
400 508 574 580 Alexandro,
583 508 686 567 annati
698 510 728 569 in
737 510 848 586 regiam
858 519 968 579 coeunt
979 510 1017 571 ad

29 587 220 647 formandum
248 607 347 647 rerum
373 589 566 666 praesentium
587 592 708 645 statum.l
757 588 895 648 Perdicca
914 594 1025 660 ηοω

30 667 184 735 Roxanes,
194 668 292 743 regiae
300 664 439 745 conjugis,
447 686 535 744 quarn
548 666 700 743 gravidam
713 665 892 743 relinquerat,
903 680 1017 744 partum

30 745 341 822 esse-exspectandum,
354 757 381 803 et
400 745 426 803 ai
445 763 569 823 puerum
585 745 752 822 peperisset.
766 746 844 804 hune
863 748 935 822 patri
955 765 1017 804 suc·

30 836 184 883 cessorem
203 824 278 882 iore*
313 823 463 899 Meleager
482 834 576 899 negat,
598 822 837 900 arrepectendum,2
850 824 920 881 dum
933 843 1016 900 reges

29 913 230 971 nascerentur,
251 921 342 979 quum
359 904 420 979 jam
440 902 545 978 genitis
564 902 607 959 nti
627 902 730 960 liceret.
781 902 857 961 Esse
879 902 1016 977 Pergami

29 998 170 1055 puerum,
183 974 277 1040 filiam
286 979 453 1048 Alexandri,
466 992 566 1038 natum
579 998 616 1037 ex
629 979 760 1049 Barsine,
773 980 891 1039 nornine
906 982 1017 1039 Hercu·

28 1057 110 1133 lam3
133 1076 188 1115 seu
199 1058 318 1134 mallent
333 1059 477 1135 juvenem
491 1077 555 1116 esse
567 1058 599 1121 in
612 1058 711 1115 castris
720 1058 835 1115 fratrem
846 1056 1016 1129 Alexandri,

27 1136 208 1205 Aridaeurn‚
222 1155 335 1195 comem
347 1148 374 1193 et
387 1137 497 1194 cunctis
509 1156 568 1194 non
582 1154 634 1194 suo
648 1145 764 1204 tantum,
775 1154 876 1195 verum
889 1146 916 1195 et
929 1138 1017 1212 patris
1056 1172 1074 1197 a

28 1213 170 1291 Philippi
189 1217 308 1273 nornine
326 1215 562 1291 acceptissimum
605 1213 796 1275 Ptolemaeus¹
808 1214 955 1272 recusabat
976 1232 1018 1272 re·

26 1310 107 1367 gem
128 1291 296 1363 Aridaeum
314 1302 383 1359 turn,
404 1292 481 1369 quod
500 1311 537 1350 ex
559 1292 712 1351 larissaeo
732 1303 824 1350 scorto
837 1302 922 1349 natus
936 1303 1030 1362 essetf

25 1380 99 1427 tum
120 1370 158 1427 ob
176 1371 322 1447 majorem,
342 1389 400 1447 qua
419 1370 570 1439 laborabat
593 1369 785 1429 valetudinem
794 1372 812 1447 ;³
831 1388 900 1427 narn
920 1378 1019 1427 veren-

26 1447 109 1505 dum
128 1466 200 1516 esse,
219 1469 258 1507 ne
277 1448 328 1508 ille
346 1468 452 1508 nomen
465 1448 550 1525 regis.
564 1447 804 1525 aliusimperium
817 1458 939 1523 teneret;
960 1468 1019 1507 rna·

26 1525 95 1585 lius
116 1543 182 1583 esse
200 1546 236 1584 ex
252 1526 299 1584 uis
314 1525 379 1602 legi,
388 1526 439 1603 qui
447 1546 499 1604 pro
508 1527 611 1585 virtute
624 1526 686 1603 regi
701 1546 753 1585 suo
767 1526 890 1605 proximi
904 1526 1016 1585 nerins

27 1605 118 1663 Vicit
148 1604 303 1665 Perdiccae
322 1606 467 1672 sententia,
487 1624 631 1663 consensu
653 1606 861 1664 universorum.
903 1605 1018 1665 Placuit

24 1682 134 1759 itaque
154 1682 290 1741 Roxanes
310 1683 465 1760 exspectari
478 1693 599 1759 partum
620 1694 647 1742 et
666 1683 692 1741 si
712 1702 785 1759 puer
805 1694 890 1743 natus
910 1683 1016 1753 misser,

24 1770 146 1821 tutores
157 1762 324 1830 leonatrrm,
335 1760 512 1828 Perdiccam,
527 1762 666 1819 Crateron
681 1772 708 1819 et
722 1761 907 1838 Antipatrum
916 1764 1018 1821 conati·

22 1849 128 1910 tuunt,
139 1838 343 1916 confestimque
355 1839 387 1898 in
398 1849 525 1899 tutorum
538 1838 675 1914 obseqriia
685 1840 801 1917 jurant.⁴

49 2000 104 2055 41.
128 1996 282 2066 aarum,
296 1994 604 2149 Philippifiliptqqtc
614 2003 738 2055 creator.
767 1993 894 2075 (lustin.
906 1993 996 2054 XIII.
1011 2015 1013 2021 ·

74 2249 183 2311 ouum
195 2250 303 2325 equites
315 2246 550 2316 raamroeraent,
571 2245 679 2325 petra
693 2229 949 2324 indignaturus
963 2247 1018 2308 aar

21 2326 226 2387 consiliorum
252 2338 346 2404 partes
374 2325 506 2395 relictas!⁵
525 2325 693 2395 Audacem,
715 2326 875 2391 Alexandri
894 2327 1017 2396 fratrem,

20 2400 138 2482 regem
152 2404 300 2483 appellant,
315 2404 506 2481 satellitesque
518 2401 562 2463 illi
583 2404 714 2463 exturba
734 2406 909 2481 analogum,
924 2415 952 2465 et
970 2425 1019 2463 no·
1134 2470 1137 2475 .

19 2484 116 2542 mine
139 2482 269 2560 Philippi
290 2483 378 2561 patris
393 2484 489 2540 vocari
505 2482 611 2559 jubent.
654 2484 765 2559 Magna
779 2483 847 2546 hinc
867 2484 898 2541 in
918 2483 1019 2541 castris

20 2561 177 2621 seditione
197 2573 264 2629 orta,
284 2561 400 2620 tandem
419 2561 456 2619 ab
469 2560 610 2637 equitibus
624 2580 737 2637 quoque
751 2560 895 2619 Aridaeua
909 2580 960 2619 rex
969 2572 1020 2636 a'g·

18 2639 173 2703 noscitur.
194 2641 331 2699 'Servata
351 2650 393 2697 est
412 2638 503 2715 portio
524 2638 607 2713 regni
628 2638 787 2698 Alexandri
809 2638 875 2705 filio,
890 2638 916 2695 si
934 2648 1019 2711 natus

19 2728 116 2779 esset
161 2716 220 2777 His
238 2718 278 2775 ita
290 2716 461 2794 compositis,
478 2715 671 2791 Macedoniae
692 2726 718 2773 et
739 2716 880 2774 Graeciae
901 2716 1020 2793 Antipa-

17 2810 76 2857 ter
88 2796 291 2873 praeponitur:
314 2796 413 2871 regiae
433 2795 573 2871 pecuniae
593 2793 721 2852 custodia
743 2794 861 2853 Cratero
881 2793 1016 2853 traditur:

17 2886 198 2935 castrorum
210 2884 238 2931 et
254 2874 394 2932 exercitus
413 2891 483 2930 cura
504 2872 655 2949 Meleagro
675 2882 702 2929 et
723 2871 878 2931 Perdiccae
890 2874 1020 2951 assigna·

16 2966 96 3029 tur;
116 2952 289 3029 jubeturque
309 2951 454 3012 Aridaeus
467 2968 635 3027 rexcorpus
649 2949 808 3013 Alexandri
828 2951 858 3009 in
881 2952 1034 3010 Hammo-³

14 3033 79 3091 nis
93 3028 393 3106 templnmdeducere.
436 3030 521 3088 Tune
531 3028 676 3099 Perdicca,
686 3028 851 3088 lustratione
860 3040 1019 3089 castrorum

15 3109 150 3175 indicta,
160 3108 307 3167 seditiosos
322 3107 463 3185 supplicio
472 3106 583 3165 occulte
591 3106 664 3167 tradi
680 3107 766 3185 jubet.
789 3110 934 3171 Reversus
945 3108 1018 3179 inde,
1087 3149 1093 3161 ,

14 3185 202 3267 provinciae
214 3186 288 3244 inter
300 3186 445 3264 principes
458 3184 561 3244 divisit

16 3346 80 3404 42
112 3342 230 3402 Bellon
243 3342 278 3401 in
291 3335 422 3402 &roccio
435 3350 528 3401 ortam
545 3362 601 3417 per
609 3344 802 3421 Antipatrum
812 3341 1016 3421 comprimitur.

397 3419 662 3502 (tmuaxllle.)
712 3433 714 3438 ’
743 3446 764 3458 ··

73 3578 162 3639 Dum
181 3574 253 3635 haec
266 3574 298 3635 in
312 3576 430 3636 Oriente
443 3584 590 3652 geruntur,
605 3576 635 3634 in
650 3560 777 3635 Graecia
789 3522 980 3633 Athenienses
990 3574 1026 3633 et'¹

9 3655 137 3719 Aetoli
147 3654 274 3723 'bellum
288 3654 364 3730 quod
381 3654 443 3729 jam
462 3653 528 3717 vivo
548 3652 715 3713 Alexandro
728 3662 880 3719 moverant,
895 3654 1018 3712 summis

8 3733 150 3808 viribus
162 3732 344 3794 instruebant
387 3733 485 3791 Causa
503 3730 573 3791 belli
593 3740 659 3800 erat,
674 3730 751 3807 quod
769 3746 902 3790 reversus
915 3729 951 3790 ab
972 3732 1018 3791 In·
