2300 4059
429 162 652 205 austeram.
993 146 1033 208 78

48 296 91 361 lio
103 309 225 379 superat
269 300 338 364 Quo
351 301 431 370 iacto,
449 301 554 361 'tradito
570 303 698 362 exercitu
711 299 772 362 filio
785 300 982 380 Archagatho,
1003 301 1035 361 iu

46 379 181 441 Siciliam
193 378 284 449 rediit,
297 379 373 441 nihil
385 392 482 441 actum
497 382 672 451 existimans,
695 382 721 441 si
734 381 859 460 amplius
873 383 1035 460 Syracusae
1111 379 1118 395 '

46 458 253 519 obsiderentur.
289 460 370 519 Nam
383 472 446 538 post
458 461 587 519 occisum
604 460 810 532 Hamilcarem,
827 460 967 537 Gisgonis
981 459 1037 520 fili·
1125 476 1127 491 ’

45 556 108 608 um,
130 558 224 598 novus
243 557 310 597 eoa
324 539 432 599 Poenis
449 539 557 598 missus
571 540 714 599 exercitus
727 542 825 599 suerat.
867 540 967 599 Statim
981 538 1036 617 igi·
1127 566 1128 597 t

43 626 93 675 tur
107 617 201 707 primo
213 616 336 676 adventu
349 619 412 695 ejus
431 618 548 678 Siciliae
570 620 664 687 urbes,
685 619 789 678 auditis
811 617 903 689 rebus,
918 638 990 695 quas
1003 618 1036 678 in

45 696 150 755 Africa
164 708 299 774 gesserat,
312 698 442 757 certatim
463 716 494 757 se
507 696 535 755 ei
548 697 670 766 tradunt,
693 710 778 776 atque
798 698 837 757 ita
858 697 949 777 pulsis
963 717 979 755 e
993 698 1036 757 Si·
1129 730 1130 747 r

43 773 116 834 cilia
127 776 244 843 Poenis,
255 776 342 835 totius
356 775 469 836 insulae
482 776 638 855 imperium
652 777 808 855 occupavit.
854 778 889 836 In
903 776 1036 837 Africam

43 852 152 914 deinde
173 873 313 922 reversus,
333 855 473 915 seditione
493 855 619 915 militum
639 856 787 935 excipitur.
831 856 911 915 Nam
931 855 1036 933 stipen·
1130 866 1131 895 ³

44 931 164 992 diorum
185 932 290 996 solutio
313 934 345 993 in
360 934 516 994 adventum
528 935 617 1011 patris
631 934 718 995 dilata
731 956 749 995 a
762 934 823 993 filio
837 933 934 994 suerat.
978 934 1037 1011 lgi-
1131 940 1132 975 l

23 1076 25 1079 Α
42 1025 93 1070 tur
105 1012 144 1070 ad
157 1015 326 1073 concionem
341 1025 456 1073 vocatos
468 1011 582 1072 blandis
600 1014 695 1074 verbis
708 1011 872 1092 permulsit:
895 1012 1037 1103 stipendia

42 1089 107 1150 illis
128 1090 226 1151 dicens
246 1093 283 1151 ab
302 1092 383 1153 hoste
402 1091 567 1170 quaerenda
584 1112 662 1151 esse:
685 1112 869 1152 communem
884 1093 1034 1152 victoriam
1131 1098 1134 1163 s

43 1189 232 1230 communem
246 1170 384 1249 praedam
396 1172 529 1231 futuram
572 1172 674 1231 Sedato
687 1172 783 1249 itaque
797 1170 915 1231 militari
932 1169 1037 1229 tumub

41 1260 84 1317 tu,
107 1248 145 1308 ad
157 1261 250 1310 castra
264 1250 391 1309 hostium
403 1250 562 1311 exercitum
574 1250 667 1328 ducit3
690 1251 730 1311 ibi
752 1249 943 1310 inconsultius
956 1268 1037 1328 pros-

42 1326 122 1388 lium
130 1328 340 1399 cormritteudo,
349 1330 488 1407 majorem
496 1341 607 1407 partem
615 1331 757 1390 exercitus
766 1328 896 1407 perdidit.
933 1330 1036 1390 Quum

42 1407 143 1484 itaque
164 1408 194 1467 in
216 1419 310 1467 castra
322 1408 450 1485 fugisset,
471 1407 634 1486 militesque
651 1409 688 1469 ob
701 1408 875 1487 stipendium
889 1427 946 1466 non
961 1406 1037 1467 solu·
1136 1482 1137 1485 Ἴ

41 1497 108 1545 turn
128 1496 274 1557 metueret,
295 1489 436 1548 concubia
463 1499 546 1548 nocte
573 1486 655 1547 solus
675 1508 742 1548 cum
763 1487 953 1564 Archagatho
974 1485 1037 1545 fillo

42 1565 181 1645 profugit
232 1566 440 1643 Archagathus
468 1576 573 1636 tamem
602 1567 652 1645 qui
675 1590 692 1627 a
717 1578 796 1645 patre
816 1566 907 1625 noctis
927 1566 1035 1625 errore⁸

43 1644 225 1714 discesserat,
239 1665 258 1704 a
277 1644 415 1705 militibus
435 1645 663 1723 comprehensus
684 1646 836 1707 reducitur.
880 1646 959 1705 Turn
1009 1663 1037 1703 o

42 1724 125 1783 tione
144 1743 212 1783 cum
231 1724 361 1784 hostibus
383 1726 460 1795 iacto.
473 1724 588 1793 milites,
603 1725 756 1785 Interfectis
769 1723 952 1801 Archagathi
969 1664 1037 1783 hbe

42 1804 94 1871 ris,
129 1803 419 1881 Carthaginiensibus
446 1822 479 1863 se
507 1803 664 1881 tradidere3
687 1802 894 1879 Archagathus
914 1802 976 1879 ipse
998 1801 1035 1861 ab

43 1881 211 1949 Arcesilan,
233 1882 328 1942 amico
340 1893 423 1941 antea
437 1881 532 1960 patris,
553 1882 667 1943 occisus
680 1892 729 1941 est.
773 1883 842 1941 Post
855 1881 928 1940 haec
943 1878 1036 1939 Poeni

41 1960 82 2020 ad
102 1960 316 2039 persequendas
335 1959 404 2021 belli
425 1959 564 2038 reliquias
585 1960 673 2019 duces
687 1960 718 2019 in
739 1959 871 2020 Siciliam
885 1958 1035 2031 miserunt,

42 2058 118 2099 cum
130 2039 234 2118 quibus
247 2039 427 2117 Agathocles
440 2060 541 2119 pacem
553 2040 655 2118 aequis
668 2038 879 2099 conditionibus
893 2036 965 2098 secit.

172 2215 215 2273 ll.
237 2212 415 2289 Agathocles
428 2211 559 2273 aanor.
602 2204 717 2294 (Justin.
732 2211 853 2272 XXIII.
869 2210 910 2288 2.)

83 2367 178 2429 Brevi
191 2380 255 2447 post
266 2380 401 2447 ternpore,
416 2367 602 2448 Agathocles,
616 2389 708 2446 quum
721 2389 773 2448 spe
785 2366 953 2447 ampliandi¹
973 2385 1037 2445 reg·

40 2449 74 2508 ni
88 2451 123 2509 in
139 2446 253 2507 ltaliam
265 2448 429 2526 trajecisset,
452 2448 536 2526 gravi
557 2449 657 2507 morbo
679 2459 827 2527 correptus
841 2458 889 2507 est.
934 2448 1037 2509 Quum

36 2528 104 2605 jam
126 2526 208 2586 nulla
227 2547 293 2607 spes
313 2539 395 2597 esset,
417 2548 485 2588 eum
504 2528 560 2588 hoc
581 2527 658 2589 malo
678 2526 795 2588 liberari
809 2546 901 2605 posse,
923 2524 1035 2585 bellum

40 2607 122 2667 inter
136 2605 230 2665 lilium
243 2607 306 2684 ejus
319 2618 509 2685 nepotemque
519 2607 617 2677 oritur,
632 2626 756 2684 regnum
767 2608 829 2686 jam
837 2604 920 2683 quasi
929 2602 1035 2663 mortui

41 2685 233 2754 vindicantes,
254 2686 407 2763 occisoque
427 2684 497 2756 filio,
511 2705 636 2763 regnum
650 2705 739 2763 nepos
758 2683 914 2761 occupavit.
958 2684 1036 2743 Inter

41 2764 120 2825 haec
141 2764 296 2824 domestica
315 2764 394 2824 mala
414 2784 465 2823 rex
485 2765 613 2824 moritur.
658 2763 916 2842 Carthaginienses
929 2772 1034 2829 autem,

41 2843 172 2922 cognitis
185 2856 263 2921 quae'
273 2843 304 2903 in
325 2842 426 2903 Sicilia
438 2844 605 2921 agebantur,
628 2843 809 2902 occasionem
822 2842 907 2900 totius
921 2838 1036 2899 insulae

41 2922 232 3001 occupandae
245 2920 339 2981 datam
361 2923 416 2982 sibi
435 2922 637 2991 existimantes,
658 2921 775 3001 magnis
788 2921 908 2980 vitibus⁸
928 2940 962 2979 eo
981 2930 1037 2979 trs·

38 3002 160 3082 jiciunt,
174 3000 337 3080 multasque
349 3002 477 3062 civitates
489 3002 636 3081 subigunt.

212 3164 255 3220 lu
277 3160 415 3239 Pyrrou
429 3161 566 3220 Siciliam
581 3167 701 3236 occupat
715 3148 873 3219 tramittit

383 3239 497 3323 (suain.
513 3239 634 3299 nxrn.
652 3239 691 3317 a.)
743 3253 747 3260 ·

40 3436 44 3443 ·
82 3398 134 3459 Eo
147 3408 276 3475 ternpore
290 3397 431 3477 Pyrrhus,
443 3416 494 3456 rex
507 3396 601 3475 Epiri,
616 3395 753 3455 adversus
768 3397 913 3454 Romanos
925 3390 1037 3452 bellurn

41 3478 165 3557 gerebat
175 3479 194 3534 :⁴
206 3477 257 3553 qui
271 3475 440 3554 Imploratus
453 3475 588 3536 aSiculis
601 3476 632 3535 in
646 3474 797 3543 auxilium,
810 3492 900 3552 quum
914 3474 1037 3549 Syracu·

40 3576 94 3617 sas
124 3555 258 3625 venisset,
287 3554 449 3633 multasque
478 3555 608 3615 civitates
637 3554 806 3630 subegisset,
836 3568 888 3610 rex
918 3548 1037 3609 Siciliae

40 3634 218 3714 appellatur.
262 3636 332 3694 Post
345 3634 416 3693 haec
430 3633 519 3693 multa
533 3632 660 3711 secunda
679 3632 790 3711 proelia
802 3650 869 3691 cum
885 3628 1037 3705 Carthagi-

41 3715 200 3775 niensibus
220 3713 292 3773 facit
336 3714 486 3791 Interjecto
507 3712 610 3771 deinde
630 3722 765 3789 tempore,
777 3709 876 3791 ¹quum
897 3706 986 3785 legati
999 3706 1036 3767 ab

44 3794 161 3856 Italicis
175 3793 262 3854 sociis
275 3793 426 3863 venissent,
439 3792 610 3861 nuntiantes,
621 3790 762 3851 Romanis
772 3788 866 3849 resisti
873 3806 932 3848 nou
942 3804 1034 3868 posse,
