2300 4059
341 109 543 161 nicroouou
556 116 731 161 rnrnursrr.
769 53 777 93 ¹
987 100 1039 162 ⁸8-

28 242 67 305 in
79 242 202 310 bollum·
211 246 337 307 ruebant
379 248 511 309 Habebat
524 249 660 309 Brennus
671 247 744 309 lsrtr
757 266 794 307 eu
807 246 886 309 omni
900 248 1027 313 eructu

28 323 175 400 peditum
193 325 344 403 sexaginta
356 328 484 404 quinque
497 327 589 389 millia
598 328 612 404 ς’
630 328 812 407 Delphorum
824 326 1028 403 sociorumque

28 404 163 461 nonnisi
174 415 300 479 quatuor·
309 404 401 463 millia
413 406 538 465 militum
548 416 634 464 erant.
678 406 722 465 Hi
735 405 801 482 plus
815 406 846 464 in
856 406 927 474 Deo,
937 424 1031 482 quam

27 480 66 539 in
89 482 207 541 viribus
226 483 287 559 spei
307 495 450 559 ponentes,
461 502 533 550 tum
544 496 689 545 contentu
710 485 837 545 hostiurn
855 482 1027 554 resistebant,

29 558 207 636 Gallosque
225 560 392 619 scandentes
413 584 429 621 e
449 582 563 622 summo
576 564 681 621 montis
701 565 806 623 uertice
826 564 929 640 partim
949 581 1027 633 saxo,

26 640 150 715 partim
171 640 260 699 armis
282 641 445 701 obruebant
496 643 573 702 Inter
597 642 669 702 haec
686 641 863 719 templorum
881 640 1027 712 antistites,

26 717 152 794 sparsis
173 718 306 788 crinibus,
327 739 396 777 curn
415 720 580 800 insignibus
601 732 628 779 et
648 720 754 791 insulis,
770 723 801 797 in
820 721 944 798 primam
957 738 1029 797 pug-

26 796 178 854 nantium
196 797 289 875 aciem
316 810 494 875 procurrunt,
508 818 558 859 eos
588 798 739 869 hortantes,
761 819 798 859 ne
827 809 1029 857 cunctarentur

26 874 94 933 diis
117 875 325 951 antesignanis¹
345 876 456 935 hostem
476 878 602 937 caedere.
648 878 763 940 Quibus
776 878 896 939 uocibus
918 876 1028 937 incensi

26 974 145 1011 omnes
160 955 287 1027 censum
299 956 330 1013 in
344 955 485 1032 proelium
498 955 656 1033 prosiliunt.
700 958 897 1017 Praesentianr
910 956 1029 1015 Deista·
1058 982 1060 987 ·

24 1034 89 1092 tim
105 1052 232 1091 sensere
277 1029 356 1092 Nsin
369 1046 396 1093 et
409 1047 501 1094 terrae
514 1045 593 1093 motu
607 1036 697 1113 portic
712 1035 815 1095 montis
828 1034 948 1111 abrupta
959 1035 1028 1096 Gal·

25 1112 139 1170 lorum
160 1111 257 1171 stavit
277 1113 443 1181 exercitum,
464 1125 492 1173 et
516 1124 668 1191 tempestas
688 1114 816 1174 insecuta
840 1112 980 1190 grandius
1000 1124 1029 1173 et

24 1190 152 1265 frigore
166 1190 279 1249 saucios
292 1192 437 1259 absumsit
482 1193 551 1251 Dur
560 1193 624 1282 ipse
636 1194 779 1261 Brennus,
793 1212 884 1269 quum
898 1192 1028 1253 dolorem

23 1268 199 1327 vrrlnerum
211 1270 284 1328 serre
304 1290 364 1329 non
383 1282 484 1347 posset,
505 1290 633 1347 pugione
644 1272 741 1333 citam
754 1271 852 1330 finivit
895 1272 978 1331 Alter
991 1290 1028 1331 ex

23 1347 167 1405 ducrlius
180 1353 247 1406 curn
261 1346 358 1407 decem
369 1347 497 1408 millibus
506 1351 673 1409 sauciorum
682 1350 764 1409 citato
774 1351 892 1427 agmine
902 1349 1029 1411 Graecis

23 1426 162 1485 excedit
203 1426 260 1485 Sed
269 1447 323 1485 nec
336 1428 511 1505 fngientibus
521 1429 633 1488 fortuna
641 1428 759 1505 aequior
767 1429 834 1507 fuit3
847 1427 955 1489 nullus
964 1428 1028 1489 sine

24 1504 141 1563 labore
163 1514 189 1563 et
208 1505 337 1583 periculo
358 1506 435 1583 dies;
456 1507 565 1567 assidui
586 1507 691 1567 imbres
712 1518 739 1567 et
759 1508 836 1585 gelu,
856 1508 915 1577 nix,
928 1507 1026 1577 amen

24 1582 190 1652 lassitudo,
200 1596 227 1641 et
245 1585 545 1661 pervigiliaemiscras
554 1586 678 1646 infelicis
693 1587 762 1647 belli
777 1586 913 1664 reliquias
921 1586 1028 1647 obtcro·

23 1663 115 1722 bant
162 1666 231 1725 Quo
244 1674 325 1741 pacto
338 1665 439 1734 evenit,
453 1675 484 1723 ut
495 1666 587 1724 breri²
600 1686 636 1725 ex
647 1676 724 1725 tanto
738 1667 865 1729 exercitu
883 1682 968 1725 nemo
981 1684 1028 1725 su·

23 1752 178 1819 permeet
632 1782 634 1791 ·

24 1902 81 1958 54.
112 1898 206 1959 Clade
220 1901 254 1961 in
266 1899 444 1964 Macedonio
458 1908 583 1975 acceptu,
597 1900 682 1961 Galli
695 1902 729 1961 itt
742 1900 846 1960 Arium
861 1862 1024 1975 trajiciunt.

370 1978 700 2061 ursimannus.)
800 2034 803 2045 ,

72 2121 162 2179 Pace
175 2119 248 2178 inter
261 2118 334 2179 dnos
347 2136 438 2196 reges,
454 2118 636 2195 Antigonum
652 2119 803 2190 Gonstam,
820 2118 960 2177 Demetrii
973 2118 1026 2178 fili-

19 2219 95 2269 um,
113 2209 141 2256 et
163 2199 342 2258 Antiochum
365 2219 465 2275 regem
478 2199 588 2277 Syriae,
602 2200 724 2267 statuta,s
737 2218 826 2275 quum
840 2198 872 2256 in
893 2196 1026 2257 Macedo
1040 2206 1041 2214 ’

18 2278 120 2337 niam
142 2278 308 2354 Antigonus
338 2296 470 2336 reversus
486 2288 571 2345 esset,
594 2276 749 2336 Gallorum
769 2276 918 2345 exercitae,
937 2275 1026 2353 quia

18 2356 212 2423 Brennoad
226 2357 297 2413 finos
310 2357 430 2414 tuendos
444 2357 560 2414 relictus
575 2370 642 2423 erat,
657 2356 687 2413 in
698 2354 900 2415 Macedoniarn
913 2354 1023 2433 irrupit.

19 2436 102 2497 Qui
117 2454 211 2511 quum
223 2436 346 2494 classem
355 2436 385 2493 in
400 2433 584 2512 Hellesponti
603 2432 733 2493 litoribus
747 2434 915 2493 collocatam
928 2433 1026 2493 incau-

16 2516 93 2573 tius
112 2512 259 2591 diripiunt,
274 2534 292 2572 a
305 2512 465 2590 remigibus
478 2524 505 2570 et
524 2513 560 2571 ab
573 2514 714 2572 exercitus
728 2524 815 2590 parte,
829 2533 904 2591 quac
914 2534 948 2573 eo
957 2532 1025 2573 curn

15 2592 216 2670 conjugibus
237 2603 263 2652 et
283 2592 381 2651 liberis
401 2592 576 2668 confugerat,
596 2591 789 2668 trucidantur;
810 2603 944 2667 tantaque
963 2610 1025 2651 coe·

17 2673 86 2731 des
106 2671 264 2730 Gallorum
277 2670 335 2739 fuit,
347 2682 377 2729 ut
391 2671 498 2749 opinio⁴
511 2670 598 2748 hujus
608 2670 743 2729 victoriae
757 2671 904 2745 Antigono
914 2688 1023 2747 pacem,

14 2772 94 2810 non
110 2771 129 2808 a
145 2749 242 2808 Gallis
254 2761 371 2818 tanturn,
386 2751 586 2808 verumetiam
600 2748 923 2826 nfinitimispraestaret.
955 2749 1025 2809 Pos

10 2845 76 2891 tea
96 2828 192 2903 Galli,
222 2828 409 2905 'aBithyniae
423 2847 492 2904 rege
505 2828 535 2886 in
549 2828 692 2888 auxilium
706 2828 804 2895 vocati,
816 2838 897 2905 parta
906 2826 1025 2886 victoria

11 2928 167 2987 regnum
180 2928 248 2966 cum
261 2928 294 2967 eo
309 2908 481 2983 diviserunt3
497 2927 618 2985 eamque
632 2907 781 2987 regionem
790 2905 1022 2983 Gallograeciam

9 2988 325 3067 cognominaverunt.
725 2991 728 2995 ’

76 3150 129 3220 55.
154 3131 293 3223 Pyrrhus
306 3166 357 3203 ren·
374 3143 682 3302 Epirgcppegopiom
696 3144 827 3205 invadit„
863 3143 976 3225 (Justin.

72 3368 195 3427 Interea
208 3366 235 3425 P
257 3366 342 3425 r'rhus
356 3385 393 3424 ex
402 3365 510 3425 Sicilia⁵
522 3366 553 3425 in
562 3366 688 3445 Epirum
702 3382 835 3423 reversus
849 3363 921 3422 fines
930 3360 1026 3421 Mace·

3 3446 144 3510 donico
158 3388 279 3523 invadit}
301 3446 349 3504 cui
364 3444 530 3521 Antigonus
548 3466 617 3504 curn
638 3444 764 3502 exercitu
778 3438 908 3508 occurrit,
922 3441 1035 3499 vicus

1 3547 92 3608 que
114 3521 226 3603 proelio
240 3526 270 3583 in
291 3525 390 3601 fugam
405 3523 529 3582 vertitur.
571 3526 669 3599 Atque
683 3522 722 3579 ita
743 3521 878 3600 Pyrrhus
893 3517 1027 3578 Macedo·

1 3602 117 3671 niam
140 3602 171 3661 in
194 3602 367 3662 deditionem
388 3602 507 3681 accipit;
529 3605 697 3679 Antigonus
717 3611 814 3658 antem
836 3616 903 3657 cum
924 3596 1024 3675 paucis

1 3684 183 3762 equitibus
205 3682 444 3741 Thessalonicam
464 3702 497 3739 se
517 3683 630 3759 recepit,
658 3691 688 3737 ut
708 3678 775 3736 inde
795 3696 862 3735 cum
884 3676 1025 3735 conducta

1 3763 198 3829 Gallorum
206 3780 296 3825 uranu
304 3761 574 3839 bellumreparsret
616 3756 1026 3835 RursusnPtolemaeuPyn
