2300 4059
155 493 189 584 ζ
288 544 292 550 .
339 487 500 560 musn
528 427 784 558 brinnon.

279 906 317 984 n
330 922 534 984 nsouun
550 920 837 983 nssunronuu

375 1104 398 1159 1.
420 1100 525 1161 uino.
547 1099 699 1181 (ruitur.
718 1100 755 1177 1.)

109 1244 330 1322 Antiquissimis
349 1246 525 1324 temporibus
544 1245 633 1322 primi
646 1244 677 1302 in
691 1243 765 1303 Asia
777 1242 903 1321 Assyrii¹
926 1260 1050 1319 regnum

67 1323 232 1383 condidisse
251 1324 389 1383 feruntur.
433 1326 549 1383 Herum
571 1341 622 1380 rex
638 1323 743 1390 Ninus,
766 1320 892 1398 primum
914 1320 1049 1392 finitimis,

68 1412 133 1460 tum
144 1401 212 1461 ediis
224 1412 287 1479 post
299 1400 373 1475 elios
386 1402 499 1479 populis
549 1400 686 1468 rdomitis,
696 1400 781 1460 totius
791 1399 917 1461 Orientis
929 1398 1050 1477 populos

68 1480 193 1556 subegit
236 1480 417 1539 Postremum
432 1478 458 1538 ei
470 1483 508 1539 be
520 1480 583 1537 lum
596 1498 664 1537 cum
678 1478 839 1546 Zoroastre,
860 1497 930 1554 rege
942 1477 1052 1536 Bactri·

68 1559 213 1626 unorum.²
224 1558 284 1626 fuit
298 1557 350 1634 qui
361 1558 473 1637 primus
485 1557 590 1617 dicitur
603 1567 677 1615 artes
690 1557 829 1634 magicas?
850 1556 1002 1625 invenisse,
1016 1555 1052 1613 si·

69 1634 231 1711 denumque
260 1647 353 1695 metus
381 1634 601 1713 diligentissime
630 1646 778 1712 spectasse.
822 1636 888 1695 Hoc
911 1634 1004 1694 occiso
1026 1644 1053 1693 et

68 1713 134 1851 ispse
156 1712 283 1851 deceplseit
306 1713 405 1774 relicto
428 1714 578 1793 impubere
599 1713 695 1772 adhuc
712 1713 772 1773 filio
787 1712 895 1787 Nmpe,
916 1724 943 1773 et
962 1730 1053 1773 uxore

93 1791 228 1851 emimmi
633 1800 648 1805 ““

346 1973 373 2031 2.
395 1968 573 2031 semiramis.
595 1966 775 2051 (Ibid.1...2)

112 2113 282 2174 Semiramis
301 2134 355 2174 nec
368 2114 428 2173 filio
442 2115 596 2175 immaturo
616 2113 771 2191 imperium
786 2112 904 2182 tradere,
925 2132 978 2173 neo
991 2114 1055 2191 ipsu

69 2192 170 2271 pulum
182 2212 332 2269 capessere
344 2212 423 2263 susa,
446 2212 547 2252 sexum
579 2191 769 2262 dissimulans,
790 2190 909 2251 brachiu
930 2200 956 2249 et
970 2210 1055 2251 crure

70 2270 249 2339 velamentis,
267 2283 352 2349 ceput
373 2273 448 2331 tiore
468 2272 552 2348 tegit3
575 2281 609 2339 et,
631 2290 669 2329 ne
681 2290 756 2330 novo
769 2269 869 2329 habitu
882 2269 991 2347 aliquid
1011 2290 1055 2330 oo·

70 2349 185 2408 culture
194 2349 344 2421 rideretur,
354 2348 455 2408 eodem
464 2348 549 2407 modo
559 2359 586 2407 et
594 2349 733 2427 populum
742 2348 839 2407 vestiri
849 2348 948 2427 jussit;
961 2368 1056 2427 .quem

70 2417 185 2487 rriorem
205 2428 301 2487 vestis*
328 2427 441 2493 exinde³
470 2447 542 2505 gens
570 2428 707 2486 universa
727 2428 855 2489 servavit.
898 2427 946 2487 Sic
967 2429 1056 2488 Semi·

72 2506 164 2565 ramis
183 2506 286 2585 primis
305 2507 389 2583 regni
403 2506 492 2566 initiis
506 2507 621 2585 Ninyss
635 2525 698 2565 esse
711 2506 818 2565 credita
831 2506 891 2565 est.⁴⁵
930 2506 1055 2583 Magnes

73 2584 179 2643 deinde
198 2604 244 2643 res
263 2586 358 2662 gessit,
381 2585 420 2642 ita
433 2595 464 2643 ut
484 2586 590 2643 mulier
608 2585 693 2643 etiarn
714 2585 791 2643 viros
805 2584 907 2642 virtute
919 2602 1056 2661 superare

73 2663 226 2723 videretur.
268 2663 471 2753 Babyloniem'
483 2661 617 2731 condidit,
638 2682 812 2739 murumque
831 2662 896 2721 urbi
919 2673 997 2721 cocto
1018 2663 1057 2721 le-

73 2742 144 2801 tere⁸
165 2740 359 2801 circumdedit
403 2742 468 2800 Nec
489 2751 619 2801 contenta
641 2742 724 2816 regni
744 2739 882 2803 terminos
897 2740 978 2810 tueri,
999 2742 1057 2801 Ae·

72 2819 225 2896 thiopinm⁹
241 2819 362 2895 imperio
376 2816 484 2895 edjecit,
505 2829 533 2877 et
547 2818 647 2877 Indiae
659 2816 769 2877 bellum
782 2817 882 2887 intulit
917 2818 974 2877 'Ad
993 2833 1056 2897 pos-

72 2907 201 2957 tremum
221 2916 239 2955 e
259 2897 320 2956 filio
343 2896 486 2956 interfecta
507 2906 556 2965 est,
579 2896 636 2955 duo
650 2906 676 2955 et
689 2896 878 2973 quadraginta
891 2916 982 2963 annos
994 2908 1057 2977 post

75 2976 194 3036 Ninum
207 2994 305 3035 rerum
323 2975 437 3053 potitu¹⁰
477 2976 593 3053 Ninyns
607 2986 753 3034 contentus
771 2974 892 3053 imperio
906 2996 924 3035 a
936 2977 1058 3054 parcuti-

73 3053 129 3113 bus
153 3052 209 3113 sibi
222 3053 331 3123 tradito,
353 3053 423 3112 belli
445 3052 538 3112 studio
560 3054 698 3131 deposuit,
718 3064 752 3123 et,
766 3054 854 3115 veluti
875 3072 1058 3118 semuncem

74 3144 167 3192 matre
180 3142 322 3202 mutasset
341 3132 373 3191 in
386 3132 557 3191 feminarum
570 3133 653 3192 turbu
666 3132 820 3193 consenuit.
863 3134 975 3194 Posteri
996 3134 1070 3213 ejus*

74 3210 131 3270 hoc
145 3210 312 3288 exemplum
332 3211 422 3271 secuti
434 3221 508 3271 snut.
550 3212 710 3289 Imperium
723 3211 841 3291 Assyrii
857 3212 939 3275 milis
950 3223 1058 3275 trecen·

74 3302 118 3349 tos
131 3308 225 3350 annos
238 3300 397 3349 tenuerunt

223 3536 226 3543 ‚
325 3405 808 3543 s.sarcmpaus.(1bid‘ns.)

116 3604 289 3670 Postremus
309 3604 387 3681 opud
406 3624 457 3665 eos
475 3607 605 3683 regnavit
624 3604 846 3685 sardanapalus,
872 3604 917 3665 vir
934 3604 1058 3668 muliere

76 3683 203 3746 mollior.
245 3682 731 3765 Adquemquomfortenrbsees,
741 3683 1059 3765 Medis¹¹eregeprne
