2300 4059
101 124 145 189 72
487 139 546 183 ua
557 137 709 182 sacrius,

152 282 180 341 8.
206 278 407 359 monem
420 281 600 358 Agathocles
612 285 738 355 occupet.
781 278 866 359 (Just
879 274 991 338 xxti
1007 276 1050 355 2)

146 438 249 501 Quum
260 436 338 529 apud
359 436 573 518 Murgentinos¹
594 430 730 527 exularet,
743 433 779 494 ab
793 432 839 494 his
852 432 920 494 odio
939 394 1096 514 siracusa·

103 536 209 657 tter
223 513 1097 683 micelneiensis

105 674 174 735 dere
188 677 287 753 coepit.
329 673 385 747 Sed
400 694 490 752 quum
510 673 626 742 videret,
641 670 741 732 lortius
761 670 874 730 defendi
888 672 1002 741 urbem,
1012 690 1097 749 quem

104 754 276 833 oppugnari,
292 754 424 832 precibus
444 772 496 832 per
517 752 706 813 internuntios
728 749 931 811 Hamilcarem
945 762 1056 819 exorat,
1069 761 1097 809 ut

105 832 180 893 inter
193 852 225 892 se
238 845 265 892 et
278 835 475 912 Syracusanos
489 832 568 911 pacis
582 830 732 890 arbitrium
746 830 889 907 suscipiet.
935 832 1009 893 Quo
1018 832 1097 889 inter·

105 911 224 971 cedente
235 930 296 971 non
315 931 372 989 pax
384 922 495 970 tanturn
515 908 676 989 Agathocli
693 906 869 979 conciliatur,
883 928 992 968 rerum
1014 912 1097 968 etiam

106 987 1096 1130 psaesens&emmens{333330231302353
1144 1018 1145 1025 ‘

105 1088 438 1228 giiiidilriblrusuidllerfidil,
448 1089 580 1207 denatum
592 1088 762 1218 trucideloet
774 1160 811 1205 ex
830 1086 1048 1225 plebeqqudqdue
1060 1144 1096 1205 lo·

105 1226 581 1307 cupietissimosetpromtissimos
594 1224 675 1285 tollit
1023 1256 1028 1267 ·

163 1419 192 1478 9.
214 1417 390 1496 Agathoclis
404 1416 551 1477 bellacum
560 1414 679 1477 Poenis.
721 1416 803 1497 (Just
819 1412 924 1475 xxii.
941 1415 1046 1494 3-6.)

146 1587 206 1649 His
220 1588 261 1647 ite
279 1587 369 1665 gestis
381 1586 504 1646 militem
523 1585 596 1665 legit
615 1586 831 1664 exercitumque
843 1584 1019 1664 conscnbit;
1040 1604 1093 1665 quo

105 1666 261 1725 instructm
281 1666 417 1724 finitimas
437 1666 573 1737 civitates,
587 1665 663 1725 nihil
684 1664 786 1724 hostile
806 1676 973 1737 metuentes,
989 1685 1028 1725 ex
1047 1666 1095 1725 im·

104 1744 221 1825 proviso
241 1744 417 1822 aggreditur.
469 1744 584 1805 Deinde
603 1764 694 1823 quum
714 1745 852 1804 adversus
875 1745 995 1805 Poenos
1017 1764 1095 1805 arms
1144 1774 1145 1827 ᾗ

104 1824 249 1892 movisset,
272 1825 421 1902 Poenique
440 1824 563 1885 victores
584 1827 743 1903 Syracusas
764 1822 912 1883 obsidione
929 1823 1095 1893 cinxissent

107 1904 184 1961 mira
204 1922 323 1982 prorsus
342 1903 464 1963 audacia
483 1903 595 1964 bellum
616 1906 648 1964 in
666 1903 797 1963 Africam
815 1902 970 1963 transferre
992 1901 1094 1963 satuit

107 1980 209 2059 ltaque
238 1981 391 2060 oppidanis
411 1983 448 2041 ad
477 1982 635 2050 obsidionis
663 1982 861 2042 necessitatem
880 1982 1028 2041 frumento
1057 1982 1096 2041 in·

104 2060 226 2128 structis,
241 2061 392 2121 comitibus
412 2060 524 2122 duobus
536 2060 644 2121 adultis
658 2060 734 2132 filiis,
749 2060 939 2138 Archagatho
954 2072 982 2119 et
1005 2062 1097 2122 Hera·
1141 2086 1144 2161 J

104 2136 189 2207 elida,
203 2158 321 2199 cursum
343 2141 374 2199 in
388 2141 519 2200 Africam
539 2140 649 2201 direxit
694 2142 761 2203 Quo
774 2160 865 2218 quum
885 2139 1023 2209 venisset,
1037 2138 1097 2199 uni-

104 2236 204 2277 versas
224 2238 320 2287 nares,
341 2219 534 2279 consentiente
553 2220 688 2287 exercitu,
709 2218 822 2279 incendi
839 2219 926 2295 jubet
941 2230 974 2278 ut
995 2238 1097 2279 omnes
1143 2208 1144 2239 ¹

104 2295 219 2365 scirent,
233 2297 344 2357 auxilio
357 2298 445 2375 fugae
458 2298 590 2369 ademto?
602 2312 651 2357 aut
661 2297 834 2357 vincendum
848 2308 896 2357 aut
909 2297 1096 2358 moriendum
1143 2310 1144 2335 ¹

104 2391 176 2434 essa
219 2376 333 2435 Deinde
346 2394 436 2453 quum
455 2378 560 2446 omnia,
581 2396 753 2455 quacunque
773 2375 1005 2453 ingrederentur,
1021 2396 1096 2455 pros
1143 2426 1144 2458 ,

103 2463 255 2522 ternerent,
278 2453 365 2513 villas
386 2454 561 2534 castellaque
583 2454 776 2524 incenderent,
791 2456 893 2514 obvius
911 2458 939 2515 ei
959 2454 1015 2515 fuit
1030 2475 1095 2515 cum

105 2532 224 2611 triginta
245 2530 375 2592 millibus
390 2535 555 2594 Poenorum
571 2537 696 2611 Hanno;
718 2534 777 2605 sed,
799 2534 909 2611 proelio
929 2535 1094 2604 commisso,

105 2611 214 2671 duodo
227 2609 342 2680 Siculis,
355 2613 409 2671 tria
422 2611 517 2673 millia
529 2612 566 2671 de
580 2612 688 2673 Poenis
705 2633 773 2671 curn
786 2613 850 2691 ipso
868 2612 942 2673 duce
955 2614 1093 2673 cecidere

107 2692 174 2752 Hac
188 2691 306 2751 victorie
319 2702 346 2749 et
359 2690 524 2751 Siculorum
537 2692 628 2752 animi
640 2693 792 2769 eriguntur
806 2703 832 2751 et
843 2693 1014 2752 Poenorum
1023 2693 1097 2752 iran-

105 2780 222 2847 guntur.
265 2770 368 2829 Castra
382 2769 484 2830 deinde
497 2772 528 2830 in
541 2770 640 2849 quinto
655 2768 684 2830 la
703 2770 750 2830 ide
763 2791 781 2829 a
796 2772 977 2849 Carthagine
991 2772 1095 2843 statuit,

106 2858 138 2907 ut
150 2849 308 2907 vastitatem
322 2868 462 2927 agrorum
475 2859 502 2908 et
510 2848 644 2910 incendia
652 2790 789 2909 villarum
799 2848 834 2909 de
842 2850 935 2910 muris
945 2850 1041 2931 ipsius
1051 2869 1097 2912 ur·

104 2926 150 2986 bia
163 2925 400 3006 specularentur.⁸
464 2973 469 2981 .

109 3115 736 3197 1o.sgnn⁶osr0mseseoepozac
767 3115 881 3198 (tussa
896 3114 1096 3197 nure.)
1141 3098 1142 3105 ‘

146 3285 205 3355 His
220 3286 387 3361 Poenorum
399 3284 486 3347 malis
500 3288 586 3347 etiam
600 3286 709 3347 deletus
723 3288 755 3347 in
768 3286 869 3347 Sicilia
885 3306 955 3347 eum
972 3287 1098 3367 impera·

104 3372 167 3424 tore
187 3365 330 3426 exercitus
342 3366 467 3425 occessit
511 3367 591 3426 Nam
612 3377 673 3444 post
694 3366 898 3445 prosectionem
918 3366 1097 3443 Agathoclis

106 3443 200 3503 Poeni
214 3443 245 3501 in
265 3444 413 3504 obsidione
432 3445 513 3505 urbis
526 3446 676 3521 segniores
695 3444 803 3517 redditi,
816 3446 852 3505 ab
866 3444 1030 3516 Antandro,
1043 3448 1099 3507 fra·

105 3518 341 3657 {effltltoclis
355 3521 605 3660 ἒὲἰιῐίιὶιουῖῐῒαεεί
621 3524 855 3661 gwnil&
889 3525 1099 3673 ltaquettruum
1140 3596 1141 3615 ἦ

298 3620 354 3661 ue,
410 3620 427 3657 e
496 3621 513 3659 o
540 3621 599 3660 una
763 3622 910 3665 niensium
929 3622 996 3664 esse
1037 3625 1099 3667 non
1140 3650 1141 3659 κ

106 3617 395 3734 rubuariadquntum
407 3676 444 3734 sb
457 3674 505 3735 liis
517 3679 612 3746 urbes.
627 3680 679 3739 sed
692 3622 777 3740 etidlni
791 3682 862 3741 socii
883 3701 969 3759 reges
982 3682 1100 3743 deiicie-
1140 3672 1141 3705 ³

106 3746 181 3811 bant
225 3752 361 3814 Quorum
379 3752 471 3834 copiis
490 3758 610 3826 auctus,²
631 3758 889 3838 Carthaginiense!
910 3762 996 3841 greti
1017 3781 1101 3843 proe-
