2300 4059
111 117 154 181 ω
462 136 746 181 memsam

109 273 142 335 iu
155 274 231 335 Asis
242 276 323 348 victo,
333 275 589 355 compunctionum
602 278 825 337 manuPsrthoe
833 248 999 357 ingressus,
1014 278 1097 359 inps·

109 354 187 416 rium
197 355 291 433 gentis
299 355 410 414 inussit
452 357 524 415 Non
529 376 638 433 magno
652 356 827 435 deindepost
838 368 972 437 ternpore
987 360 1096 439 Hyrca·

109 449 216 493 norom
235 452 350 513 quoqne
361 453 488 513 regnum
499 436 657 513 occupavit,
678 447 707 496 et
719 437 875 497 Seicucmu
887 437 925 497 ud
940 439 1097 498 defectores

109 512 973 664 mttffifflmtitfflaiffi?
996 517 1096 577 nm

290 752 317 811 a.
339 750 596 829 Remfimt.
638 718 851 835 (iminium
867 755 910 833 5.)

147 906 294 967 Revorsto
306 906 411 967 dende
423 910 545 969 Seleuco
557 911 642 970 noris
655 910 779 969 motibus
790 910 821 970 in
835 911 951 979 Asiam,
961 913 1091 971 Amnes

107 982 173 1043 dato
185 985 357 1056 laxamento,
364 1006 490 1065 regnum
504 990 676 1049 Parthicum
688 989 796 1059 forrnat,
805 988 929 1049 militem
944 987 1028 1067 legit
1041 1009 1097 1048 css

106 1062 531 1136 teilamunitciritatcsfirmat.
563 1068 675 1129 Urbem
685 1068 924 1145 quoqucnosnine
935 1069 1097 1140 Daram,iu

107 1155 205 1203 munte
214 1144 416 1223 Zapaortenon
428 1147 533 1217 condit,
541 1150 625 1226 cujus
640 1147 696 1207 loci
709 1168 743 1207 ea
756 1147 880 1206 conditio
894 1158 946 1216 est,
957 1158 991 1205 ut
1006 1166 1099 1225 neque

107 1222 249 1283 munitius
259 1224 418 1303 quidquam
430 1244 502 1294 esse,
514 1246 610 1303 neque
622 1226 772 1285 amoenius
785 1227 880 1303 possit.
925 1228 1011 1285 Nam
1021 1246 1098 1305 prae·

108 1303 201 1381 ruptis
212 1303 358 1363 montibus
376 1305 415 1364 ita
428 1304 564 1382 cingitur,
577 1317 609 1363 ut
621 1304 708 1363 tuteia
722 1303 778 1363 loci
791 1304 883 1363 nuliis
896 1304 1099 1365 deicnsmibuc

107 1392 206 1460 egeam
226 1394 254 1441 et
266 1381 322 1441 soli
334 1383 562 1460 circumjacentis
573 1394 652 1443 tanta
664 1383 777 1442 abenas
790 1395 839 1452 est
853 1395 885 1443 ut
897 1384 1031 1462 propriis
1042 1384 1098 1462 opi·

107 1458 324 1552 bnssxplcatur.
351 1464 400 1522 Sic
411 1466 543 1531 Arsaces,
553 1462 682 1539 quaesito
689 1461 1116 1541 simulconstitutoqueregnuv

108 1556 167 1598 non
179 1558 278 1599 minas
290 1542 487 1601 memorabilis
495 1541 624 1611 ‘Parthie
645 1559 734 1619 quam
747 1542 847 1601 Persis
859 1542 969 1620 Cyrus,
985 1553 1097 1601 motura

108 1629 252 1677 senectute
272 1618 388 1677 decedit
440 1621 535 1698 Cujus
552 1620 710 1679 memoriae
730 1619 809 1679 hunc
829 1621 973 1679 honorem
996 1620 1097 1680 Partiri

107 1696 274 1767 trrisuemnt,
283 1708 314 1756 nt
326 1717 427 1757 omnes
437 1699 542 1773 exinde
550 1718 635 1775 reges
644 1717 712 1758 suos
721 1699 839 1757 Arsacis
852 1699 974 1758 nomine
988 1718 1098 1757 nuncu·

108 1784 182 1852 pent
224 1777 324 1855 Hujus
335 1795 433 1854 nepos,
443 1778 624 1837 Arsaceseti
645 1797 677 1835 se
690 1775 806 1836 nomine
819 1777 1097 1856 dictus,quindecim
1142 1842 1143 1847 1

107 1853 193 1912 anuis
206 1854 237 1913 in
250 1873 342 1933 regno
355 1855 425 1914 acfis
439 1854 568 1925 decessit,
589 1798 695 1915 reiictis
709 1854 820 1914 duobus
834 1854 910 1925 otiis,
926 1855 1098 1915 Mithridate
1142 1864 1143 1929 ξ

107 1942 135 1989 et
150 1932 312 2010 Phrahate;
333 1951 458 2012 quorum
479 1936 571 2012 major
596 1934 757 1994 Phrahates
782 1954 863 1994 more
883 1934 989 2011 gentis,
1015 1934 1098 1993 heres
1142 1940 1143 1998 i

59 2036 61 2040 ’
107 2010 201 2087 regni,
216 2011 342 2082 Mardos,
355 2012 481 2071 validam
495 2025 618 2091 gentem,
638 2010 714 2072 bello
729 2012 844 2081 domuit,
858 2032 912 2072 nec
927 2012 1024 2071 multo
1038 2024 1098 2091 post

108 2086 347 2158 decencia-multis
360 2090 564 2170 filiis'relicti83
586 2092 692 2170 quibus
704 2092 881 2171 praeteritis,¹
891 2090 972 2151 fratri
987 2092 1098 2170 potissi·
1141 2106 1142 2115 ¹

107 2186 190 2227 mum
204 2168 371 2241 Mithridati,
386 2170 511 2247 insignis
523 2172 637 2230 virtutis
651 2170 719 2239 viro,
735 2170 851 2248 reliquit
869 2170 1041 2251 imperium,
1054 2188 1099 2252 pa·
1141 2218 1142 2225 ,

107 2246 179 2306 triae
191 2248 286 2327 potius
299 2267 387 2327 quarn
399 2248 498 2309 literis
511 2248 722 2342 consulendum
734 2261 820 2308 uatus.
840 2314 842 2319 ,

167 2386 193 2487 je.
216 2372 593 2485 uaetmoaemgnrflna
602 2406 722 2486 prosae.
758 2406 871 2489 (tasin.
884 2404 970 2467 ΧΠ.
988 2408 1034 2485 o.)
1141 2418 1142 2421 ¹

147 2562 209 2624 Hic
229 2561 274 2622 vir
286 2581 375 2702 1{pem
396 2562 431 2623 de
451 2584 484 2624 se
503 2574 669 2643 conceptam
689 2582 747 2623 non
768 2562 872 2623 fefellit
914 2561 1005 2625 Bello
1028 2564 1098 2625 inter

109 2640 233 2703 Parthos
245 2654 273 2702 et
320 2640 389 2702 edos
402 2654 471 2713 orto,
485 2655 548 2722 post
561 2643 656 2703 varios
669 2642 820 2735 utriusque
832 2640 933 2735 populi
951 2662 1049 2714 maus,
1063 2642 1096 2701 ad

107 2734 284 2801 postremum
305 2722 422 2781 uictoria
444 2742 533 2803 penes
556 2722 681 2786 Parthos
694 2722 753 2781 itut
797 2724 855 2783 His
868 2722 982 2781 mribus
997 2734 1098 2782 auctus

108 2800 289 2863 Mithridates
299 2798 414 2862 Mediae
422 2801 549 2861 Bacasin
558 2801 715 2879 praeponit,
726 2800 787 2879 ipse
796 2799 826 2859 in
836 2800 1024 2879 Hyrcaniam
1039 2820 1099 2881 pro·
1140 2854 1141 2860 ,

108 2880 252 2939 noctur.
303 2879 389 2939 Unde
409 2900 542 2940 reuersus
564 2878 672 2939 beilum
694 2898 762 2937 cnm
782 2878 1010 2959 'Elymaeorum'
1031 2899 1099 2957 rege

108 2959 206 3037 gessit,
228 2978 286 3036 quo
307 2960 383 3017 victo
404 2958 480 3019 hanc
502 2979 617 3037 quoque
640 2970 754 3038 gentem
768 2975 858 3035 regno
872 2957 984 3037 adjecit,
1012 2959 1099 3037 impe

109 3037 243 3114 riumque
257 3037 433 3096 Parthorum
455 3060 473 3097 a
489 3048 586 3098 monte
601 3038 740 3105 Caucaso,
762 3036 860 3095 multis
881 3036 1001 3114 populis
1016 3037 1048 3097 in
1063 3038 1100 3107 di·

107 3117 217 3175 tionem
229 3115 359 3184 redactis,
373 3137 466 3194 usque
486 3116 525 3177 sd
547 3116 657 3176 flumen
673 3116 856 3193 Euphratem
869 3114 996 3193 protulit
1043 3116 1099 3179 His

109 3195 179 3254 actis
193 3194 313 3253 adversa
326 3193 489 3255 valetudine
502 3208 656 3274 correptus,
670 3216 728 3255 non
743 3194 839 3253 minor
853 3196 967 3254 Arsace
980 3214 1098 3274 proavo,

108 3274 238 3352 gloriosa
249 3284 393 3334 senectute
406 3274 534 3335 decessit
556 3317 560 3323 ·

140 3437 166 3491 r.
188 3433 526 3509 remuneratum
541 3433 684 3493 accam.
726 3433 809 3513 (Just
825 3430 926 3491 xnu.
946 3392 1016 3500 ra,
1032 3433 1075 3509 a.)

151 3587 232 3647 Huic
246 3572 407 3648 Phruhates
420 3588 500 3649 filius
511 3589 655 3650 successit.
671 3614 673 3617 ·
700 3588 843 3655 Quicum
857 3586 975 3666 Scythis
986 3588 1099 3649 beilum

110 3680 214 3735 gerens
227 3684 245 3721 a
259 3666 383 3723 Graecis
393 3665 539 3737 militibus,
549 3668 655 3743 quibus
668 3667 699 3727 in
711 3666 788 3727 bollo
802 3668 891 3745 captis
905 3678 932 3725 et
942 3666 1100 3727 crudeliter

46 3826 59 3828 ξ
83 3817 85 3820 ¹
109 3740 242 3808 tractatis,
255 3740 472 3817 imprudentius,
482 3755 513 3803 ut
524 3745 595 3814 suis,
609 3746 747 3815 utebatur,
761 3746 907 3823 inpugna
920 3744 1047 3807 refluus
1066 3754 1101 3805 at·

1137 3130 1140 3293 i

1136 3874 1138 4027 i
