<?xml version="1.0" encoding="UTF-8"?>
<!DOCTYPE html PUBLIC "-//W3C//DTD XHTML 1.0 Transitional//EN"
    "http://www.w3.org/TR/xhtml1/DTD/xhtml1-transitional.dtd">
<html xmlns="http://www.w3.org/1999/xhtml" xml:lang="en" lang="en">
 <head>
  <title>
</title>
<meta http-equiv="Content-Type" content="text/html;charset=utf-8" />
  <meta name='ocr-system' content='tesseract 3.04.00' />
  <meta name='ocr-capabilities' content='ocr_page ocr_carea ocr_par ocr_line ocrx_word'/>
</head>
<body>
  <div class='ocr_page' id='page_1' title='image "./latinreader01drgoog/latinreader01drgoog_0219.png"; bbox 0 0 2300 4059; ppageno 0'>
   <div class='ocr_carea' id='block_1_1' title="bbox 260 107 1034 178">
    <p class='ocr_par' dir='ltr' id='par_1_1' title="bbox 260 107 1034 178">
     <span class='ocr_line' id='line_1_1' title="bbox 260 107 1034 178; baseline -0.008 -2"><span class='ocrx_word' id='word_1_1' title='bbox 260 131 398 176; x_wconf 71' lang='lat' dir='ltr'>aaaron</span> <span class='ocrx_word' id='word_1_2' title='bbox 412 131 572 176; x_wconf 69' lang='lat' dir='ltr'>arnonus</span> <span class='ocrx_word' id='word_1_3' title='bbox 588 129 630 172; x_wconf 78' lang='lat' dir='ltr'>ua</span> <span class='ocrx_word' id='word_1_4' title='bbox 644 129 822 178; x_wconf 70' lang='lat' dir='ltr'>ansanus.</span> <span class='ocrx_word' id='word_1_5' title='bbox 1014 107 1034 170; x_wconf 76' lang='lat'><em>8</em></span> 
     </span>
    </p>
   </div>
   <div class='ocr_carea' id='block_1_2' title="bbox 48 263 1036 666">
    <p class='ocr_par' dir='ltr' id='par_1_2' title="bbox 48 263 1036 666">
     <span class='ocr_line' id='line_1_2' title="bbox 48 263 1033 352; baseline -0.008 -19"><span class='ocrx_word' id='word_1_6' title='bbox 48 279 164 352; x_wconf 75' lang='lat' dir='ltr'>quante.</span> <span class='ocrx_word' id='word_1_7' title='bbox 204 269 305 333; x_wconf 67' lang='lat' dir='ltr'>auem</span> <span class='ocrx_word' id='word_1_8' title='bbox 315 271 370 334; x_wconf 83' lang='lat' dir='ltr'>,ubi</span> <span class='ocrx_word' id='word_1_9' title='bbox 382 271 414 330; x_wconf 90' lang='lat' dir='ltr'>in</span> <span class='ocrx_word' id='word_1_10' title='bbox 425 286 532 330; x_wconf 77' lang='lat' dir='ltr'>manau</span> <span class='ocrx_word' id='word_1_11' title='bbox 546 269 653 330; x_wconf 82' lang='lat' dir='ltr'>mulier</span> <span class='ocrx_word' id='word_1_12' title='bbox 666 267 782 346; x_wconf 82' lang='lat' dir='ltr'>accepit,</span> <span class='ocrx_word' id='word_1_13' title='bbox 795 284 871 345; x_wconf 87' lang='lat' dir='ltr'>puer</span> <span class='ocrx_word' id='word_1_14' title='bbox 887 281 953 326; x_wconf 87' lang='lat' dir='ltr'>eam</span> <span class='ocrx_word' id='word_1_15' title='bbox 972 263 1033 324; x_wconf 83' lang='lat' dir='ltr'>risu</span> 
     </span>
     <span class='ocr_line' id='line_1_3' title="bbox 50 344 1036 428; baseline -0.009 -17"><span class='ocrx_word' id='word_1_16' title='bbox 50 366 78 411; x_wconf 86' lang='lat' dir='ltr'>et</span> <span class='ocrx_word' id='word_1_17' title='bbox 91 349 236 411; x_wconf 86' lang='lat' dir='ltr'>blanditiis</span> <span class='ocrx_word' id='word_1_18' title='bbox 250 351 288 409; x_wconf 85' lang='lat' dir='ltr'>ita</span> <span class='ocrx_word' id='word_1_19' title='bbox 300 350 383 428; x_wconf 88' lang='lat' dir='ltr'>oepit,</span> <span class='ocrx_word' id='word_1_20' title='bbox 396 361 428 408; x_wconf 88' lang='lat' dir='ltr'>at</span> <span class='ocrx_word' id='word_1_21' title='bbox 443 369 513 408; x_wconf 87' lang='lat' dir='ltr'>eura</span> <span class='ocrx_word' id='word_1_22' title='bbox 524 369 544 408; x_wconf 86' lang='lat' dir='ltr'>a</span> <span class='ocrx_word' id='word_1_23' title='bbox 562 368 596 407; x_wconf 88' lang='lat' dir='ltr'>se</span> <span class='ocrx_word' id='word_1_24' title='bbox 614 347 702 408; x_wconf 89' lang='lat' dir='ltr'>nollet</span> <span class='ocrx_word' id='word_1_25' title='bbox 716 347 863 416; x_wconf 79' lang='lat' dir='ltr'>dimittere,</span> <span class='ocrx_word' id='word_1_26' title='bbox 876 344 1036 420; x_wconf 80' lang='lat' dir='ltr'><strong>maritoque</strong></span> 
     </span>
     <span class='ocr_line' id='line_1_4' title="bbox 49 423 1035 509; baseline -0.007 -21"><span class='ocrx_word' id='word_1_27' title='bbox 49 431 186 509; x_wconf 67' lang='lat' dir='ltr'>precmus</span> <span class='ocrx_word' id='word_1_28' title='bbox 194 428 385 506; x_wconf 86' lang='lat' dir='ltr'>persuaderet,</span> <span class='ocrx_word' id='word_1_29' title='bbox 394 440 426 487; x_wconf 90' lang='lat' dir='ltr'>ut</span> <span class='ocrx_word' id='word_1_30' title='bbox 437 448 525 487; x_wconf 88' lang='lat' dir='ltr'>suurn</span> <span class='ocrx_word' id='word_1_31' title='bbox 538 428 631 505; x_wconf 87' lang='lat' dir='ltr'>ipsius</span> <span class='ocrx_word' id='word_1_32' title='bbox 641 444 766 504; x_wconf 91' lang='lat' dir='ltr'>puerum</span> <span class='ocrx_word' id='word_1_33' title='bbox 774 435 935 502; x_wconf 82' lang='lat' dir='ltr'>exponeret,</span> <span class='ocrx_word' id='word_1_34' title='bbox 945 423 1035 483; x_wconf 85' lang='lat' dir='ltr'>altero</span> 
     </span>
     <span class='ocr_line' id='line_1_5' title="bbox 49 501 1035 587; baseline -0.008 -18"><span class='ocrx_word' id='word_1_35' title='bbox 49 511 181 569; x_wconf 75' lang='lat' dir='ltr'>sternuto.¹</span> <span class='ocrx_word' id='word_1_36' title='bbox 223 509 371 584; x_wconf 74' lang='lat' dir='ltr'>Atque‘ita</span> <span class='ocrx_word' id='word_1_37' title='bbox 384 519 544 584; x_wconf 83' lang='lat' dir='ltr'>permutata</span> <span class='ocrx_word' id='word_1_38' title='bbox 556 517 632 564; x_wconf 86' lang='lat' dir='ltr'>sorte</span> <span class='ocrx_word' id='word_1_39' title='bbox 641 504 836 587; x_wconf 79' lang='lat' dir='ltr'>pprvulorum.</span> <span class='ocrx_word' id='word_1_40' title='bbox 847 503 895 563; x_wconf 84' lang='lat' dir='ltr'>hie.</span> <span class='ocrx_word' id='word_1_41' title='bbox 908 521 961 582; x_wconf 88' lang='lat' dir='ltr'>pro</span> <span class='ocrx_word' id='word_1_42' title='bbox 974 501 1035 560; x_wconf 84' lang='lat' dir='ltr'>filio</span> 
     </span>
     <span class='ocr_line' id='line_1_6' title="bbox 50 583 907 666; baseline -0.006 -19"><span class='ocrx_word' id='word_1_43' title='bbox 50 589 173 666; x_wconf 81' lang='lat' dir='ltr'>pastoris</span> <span class='ocrx_word' id='word_1_44' title='bbox 185 586 329 657; x_wconf 84' lang='lat' dir='ltr'>educatur,</span> <span class='ocrx_word' id='word_1_45' title='bbox 342 585 393 644; x_wconf 90' lang='lat' dir='ltr'>ille</span> <span class='ocrx_word' id='word_1_46' title='bbox 405 586 469 665; x_wconf 81' lang='lat' dir='ltr'>pro¹</span> <span class='ocrx_word' id='word_1_47' title='bbox 480 596 582 663; x_wconf 91' lang='lat' dir='ltr'>nepote</span> <span class='ocrx_word' id='word_1_48' title='bbox 595 583 736 664; x_wconf 75' lang='lat' dir='ltr'>Astyagis</span> <span class='ocrx_word' id='word_1_49' title='bbox 748 583 907 662; x_wconf 83' lang='lat' dir='ltr'>exponitur.</span> 
     </span>
    </p>
   </div>
   <div class='ocr_carea' id='block_1_3' title="bbox 232 724 824 830">
    <p class='ocr_par' dir='ltr' id='par_1_3' title="bbox 232 724 824 830">
     <span class='ocr_line' id='line_1_7' title="bbox 232 724 824 830; baseline -0.002 -23"><span class='ocrx_word' id='word_1_50' title='bbox 232 724 236 732; x_wconf 90' lang='lat'><strong>.</strong></span> <span class='ocrx_word' id='word_1_51' title='bbox 263 752 290 807; x_wconf 76' lang='lat'>3.</span> <span class='ocrx_word' id='word_1_52' title='bbox 314 749 410 825; x_wconf 67' lang='lat' dir='ltr'>Gyras</span> <span class='ocrx_word' id='word_1_53' title='bbox 423 749 600 825; x_wconf 69' lang='lat' dir='ltr'>ogyroscitar.</span> <span class='ocrx_word' id='word_1_54' title='bbox 642 745 728 830; x_wconf 82' lang='lat' dir='ltr'>(Ibid.</span> <span class='ocrx_word' id='word_1_55' title='bbox 746 748 767 806; x_wconf 92' lang='lat'>1.</span> <span class='ocrx_word' id='word_1_56' title='bbox 784 745 824 824; x_wconf 82' lang='lat'>5.)</span> 
     </span>
    </p>
   </div>
   <div class='ocr_carea' id='block_1_4' title="bbox 45 873 1037 1994">
    <p class='ocr_par' dir='ltr' id='par_1_4' title="bbox 45 873 1037 1994">
     <span class='ocr_line' id='line_1_8' title="bbox 89 873 1036 1028; baseline -0.004 -76"><span class='ocrx_word' id='word_1_57' title='bbox 89 893 173 952; x_wconf 89' lang='lat' dir='ltr'>Puer</span> <span class='ocrx_word' id='word_1_58' title='bbox 183 888 286 949; x_wconf 88' lang='lat' dir='ltr'>deinde</span> <span class='ocrx_word' id='word_1_59' title='bbox 294 908 385 966; x_wconf 88' lang='lat' dir='ltr'>quum</span> <span class='ocrx_word' id='word_1_60' title='bbox 398 889 472 948; x_wconf 89' lang='lat' dir='ltr'>inter</span> <span class='ocrx_word' id='word_1_61' title='bbox 484 873 612 967; x_wconf 81' lang='lat' dir='ltr'>pastores</span> <span class='ocrx_word' id='word_1_62' title='bbox 622 898 702 959; x_wconf 75' lang='lat' dir='ltr'>esset</span> <span class='ocrx_word' id='word_1_63' title='bbox 714 888 786 967; x_wconf 87' lang='lat' dir='ltr'>Cyri</span> <span class='ocrx_word' id='word_1_64' title='bbox 799 907 905 946; x_wconf 85' lang='lat' dir='ltr'>nomen</span> <span class='ocrx_word' id='word_1_65' title='bbox 918 887 1036 1028; x_wconf 50' lang='grc' dir='ltr'>ΜΕ</span> 
     </span>
     <span class='ocr_line' id='line_1_9' title="bbox 50 965 1019 1046; baseline -0.006 -16"><span class='ocrx_word' id='word_1_66' title='bbox 50 967 266 1046; x_wconf 87' lang='lat' dir='ltr'>lbialiquando</span> <span class='ocrx_word' id='word_1_67' title='bbox 279 987 331 1026; x_wconf 82' lang='lat' dir='ltr'>rex</span> <span class='ocrx_word' id='word_1_68' title='bbox 344 968 561 1027; x_wconf 85' lang='lat' dir='ltr'>interludentes</span> <span class='ocrx_word' id='word_1_69' title='bbox 577 980 698 1035; x_wconf 82' lang='lat' dir='ltr'>creatus,</span> <span class='ocrx_word' id='word_1_70' title='bbox 712 978 895 1026; x_wconf 89' lang='lat' dir='ltr'>contumaces</span> <span class='ocrx_word' id='word_1_71' title='bbox 911 966 971 1042; x_wconf 77' lang='lat' dir='ltr'>flag</span> <span class='ocrx_word' id='word_1_72' title='bbox 1012 965 1019 978; x_wconf 84' lang='lat'><strong><em>&#39;</em></strong></span> 
     </span>
     <span class='ocr_line' id='line_1_10' title="bbox 47 1045 1037 1124; baseline 0 -16"><span class='ocrx_word' id='word_1_73' title='bbox 47 1049 169 1108; x_wconf 78' lang='lat' dir='ltr'>cecidit:</span> <span class='ocrx_word' id='word_1_74' title='bbox 191 1048 228 1107; x_wconf 96' lang='lat' dir='ltr'>ob</span> <span class='ocrx_word' id='word_1_75' title='bbox 245 1065 335 1123; x_wconf 82' lang='lat' dir='ltr'>quam</span> <span class='ocrx_word' id='word_1_76' title='bbox 354 1047 559 1106; x_wconf 83' lang='lat' dir='ltr'>contumeliam</span> <span class='ocrx_word' id='word_1_77' title='bbox 579 1065 735 1124; x_wconf 89' lang='lat' dir='ltr'>puerorum</span> <span class='ocrx_word' id='word_1_78' title='bbox 756 1055 887 1123; x_wconf 78' lang='lat' dir='ltr'>parentes</span> <span class='ocrx_word' id='word_1_79' title='bbox 908 1045 973 1109; x_wconf 76' lang='lat' dir='ltr'>irari</span> <span class='ocrx_word' id='word_1_80' title='bbox 994 1064 1037 1108; x_wconf 80' lang='lat' dir='ltr'>rs·</span> 
     </span>
     <span class='ocr_line' id='line_1_11' title="bbox 48 1123 1035 1206; baseline -0.001 -20"><span class='ocrx_word' id='word_1_81' title='bbox 48 1147 121 1206; x_wconf 77' lang='lat' dir='ltr'>gem</span> <span class='ocrx_word' id='word_1_82' title='bbox 140 1125 278 1192; x_wconf 72' lang='lat' dir='ltr'>adierunt,</span> <span class='ocrx_word' id='word_1_83' title='bbox 291 1137 449 1202; x_wconf 72' lang='lat' dir='ltr'>querentes,</span> <span class='ocrx_word' id='word_1_84' title='bbox 463 1124 541 1204; x_wconf 92' lang='lat' dir='ltr'>quod</span> <span class='ocrx_word' id='word_1_85' title='bbox 560 1125 692 1202; x_wconf 73' lang='lat' dir='ltr'>ingenui³</span> <span class='ocrx_word' id='word_1_86' title='bbox 709 1124 793 1202; x_wconf 88' lang='lat' dir='ltr'>pueri</span> <span class='ocrx_word' id='word_1_87' title='bbox 812 1145 831 1182; x_wconf 88' lang='lat' dir='ltr'>a</span> <span class='ocrx_word' id='word_1_88' title='bbox 850 1141 932 1184; x_wconf 88' lang='lat' dir='ltr'>servo</span> <span class='ocrx_word' id='word_1_89' title='bbox 954 1123 1035 1200; x_wconf 81' lang='lat' dir='ltr'>regio</span> 
     </span>
     <span class='ocr_line' id='line_1_12' title="bbox 48 1203 1037 1282; baseline -0.002 -18"><span class='ocrx_word' id='word_1_90' title='bbox 48 1207 220 1266; x_wconf 86' lang='lat' dir='ltr'>verberibus</span> <span class='ocrx_word' id='word_1_91' title='bbox 233 1217 326 1263; x_wconf 74' lang='lat' dir='ltr'>esoent</span> <span class='ocrx_word' id='word_1_92' title='bbox 339 1204 439 1264; x_wconf 56' lang='grc' dir='ltr'>πᾶσαί</span> <span class='ocrx_word' id='word_1_93' title='bbox 481 1207 548 1264; x_wconf 83' lang='lat' dir='ltr'>Rex</span> <span class='ocrx_word' id='word_1_94' title='bbox 560 1224 684 1282; x_wconf 89' lang='lat' dir='ltr'>puerum</span> <span class='ocrx_word' id='word_1_95' title='bbox 700 1203 870 1262; x_wconf 72' lang='lat' dir='ltr'>arcessitum</span> <span class='ocrx_word' id='word_1_96' title='bbox 903 1223 975 1262; x_wconf 89' lang='lat' dir='ltr'>uum</span> <span class='ocrx_word' id='word_1_97' title='bbox 995 1203 1037 1268; x_wconf 77' lang='lat' dir='ltr'>is·</span> 
     </span>
     <span class='ocr_line' id='line_1_13' title="bbox 47 1221 1037 1362; baseline -0.004 -18"><span class='ocrx_word' id='word_1_98' title='bbox 47 1295 230 1362; x_wconf 74' lang='lat' dir='ltr'>terrogssset,</span> <span class='ocrx_word' id='word_1_99' title='bbox 248 1283 390 1360; x_wconf 87' lang='lat' dir='ltr'>quomodo</span> <span class='ocrx_word' id='word_1_100' title='bbox 410 1303 500 1342; x_wconf 87' lang='lat' dir='ltr'>ausus</span> <span class='ocrx_word' id='word_1_101' title='bbox 520 1293 595 1342; x_wconf 72' lang='lat' dir='ltr'>esset</span> <span class='ocrx_word' id='word_1_102' title='bbox 614 1283 681 1342; x_wconf 88' lang='lat' dir='ltr'>illos</span> <span class='ocrx_word' id='word_1_103' title='bbox 702 1283 859 1350; x_wconf 73' lang='lat' dir='ltr'>verberare</span> <span class='ocrx_word' id='word_1_104' title='bbox 880 1221 937 1349; x_wconf 73' lang='lat' dir='ltr'>ille</span> <span class='ocrx_word' id='word_1_105' title='bbox 955 1282 1037 1342; x_wconf 86' lang='lat' dir='ltr'>vultu</span> 
     </span>
     <span class='ocr_line' id='line_1_14' title="bbox 48 1361 1034 1439; baseline 0 -17"><span class='ocrx_word' id='word_1_106' title='bbox 48 1364 126 1423; x_wconf 90' lang='lat' dir='ltr'>nihil</span> <span class='ocrx_word' id='word_1_107' title='bbox 139 1374 255 1431; x_wconf 87' lang='lat' dir='ltr'>mutato,</span> <span class='ocrx_word' id='word_1_108' title='bbox 269 1381 301 1421; x_wconf 87' lang='lat' dir='ltr'>se</span> <span class='ocrx_word' id='word_1_109' title='bbox 315 1373 345 1421; x_wconf 90' lang='lat' dir='ltr'>ut</span> <span class='ocrx_word' id='word_1_110' title='bbox 359 1381 459 1439; x_wconf 84' lang='lat' dir='ltr'>regern</span> <span class='ocrx_word' id='word_1_111' title='bbox 472 1363 573 1421; x_wconf 86' lang='lat' dir='ltr'>fecisse</span> <span class='ocrx_word' id='word_1_112' title='bbox 587 1361 739 1439; x_wconf 76' lang='lat' dir='ltr'>respondit.</span> <span class='ocrx_word' id='word_1_113' title='bbox 782 1363 849 1422; x_wconf 87' lang='lat' dir='ltr'>Hoc</span> <span class='ocrx_word' id='word_1_114' title='bbox 866 1379 1034 1437; x_wconf 82' lang='lat' dir='ltr'>responsum</span> 
     </span>
     <span class='ocr_line' id='line_1_15' title="bbox 48 1438 1037 1521; baseline -0.003 -20"><span class='ocrx_word' id='word_1_115' title='bbox 48 1443 193 1521; x_wconf 89' lang='lat' dir='ltr'>puerique</span> <span class='ocrx_word' id='word_1_116' title='bbox 215 1441 402 1500; x_wconf 87' lang='lat' dir='ltr'>constantiam</span> <span class='ocrx_word' id='word_1_117' title='bbox 423 1441 581 1500; x_wconf 80' lang='lat' dir='ltr'>admiratus</span> <span class='ocrx_word' id='word_1_118' title='bbox 605 1444 759 1520; x_wconf 81' lang='lat' dir='ltr'>Astyages,</span> <span class='ocrx_word' id='word_1_119' title='bbox 782 1438 935 1509; x_wconf 85' lang='lat' dir='ltr'>somnium,</span> <span class='ocrx_word' id='word_1_120' title='bbox 959 1439 1037 1518; x_wconf 91' lang='lat' dir='ltr'>quod</span> 
     </span>
     <span class='ocr_line' id='line_1_16' title="bbox 47 1517 1037 1596; baseline -0.001 -15"><span class='ocrx_word' id='word_1_121' title='bbox 47 1520 255 1587; x_wconf 74' lang='lat' dir='ltr'>olimviderat,</span> <span class='ocrx_word' id='word_1_122' title='bbox 268 1520 302 1578; x_wconf 90' lang='lat' dir='ltr'>in</span> <span class='ocrx_word' id='word_1_123' title='bbox 313 1531 449 1578; x_wconf 83' lang='lat' dir='ltr'>’mentem</span> <span class='ocrx_word' id='word_1_124' title='bbox 471 1533 592 1590; x_wconf 79' lang='lat' dir='ltr'>revocat,</span> <span class='ocrx_word' id='word_1_125' title='bbox 609 1537 758 1596; x_wconf 87' lang='lat' dir='ltr'>quumque</span> <span class='ocrx_word' id='word_1_126' title='bbox 777 1529 804 1578; x_wconf 85' lang='lat' dir='ltr'>et</span> <span class='ocrx_word' id='word_1_127' title='bbox 820 1518 917 1580; x_wconf 78' lang='lat' dir='ltr'>uulttrs</span> <span class='ocrx_word' id='word_1_128' title='bbox 937 1517 1037 1580; x_wconf 88' lang='lat' dir='ltr'>simili·</span> 
     </span>
     <span class='ocr_line' id='line_1_17' title="bbox 47 1596 1037 1678; baseline -0.002 -20"><span class='ocrx_word' id='word_1_129' title='bbox 47 1601 118 1658; x_wconf 92' lang='lat' dir='ltr'>tudo</span> <span class='ocrx_word' id='word_1_130' title='bbox 140 1611 168 1657; x_wconf 90' lang='lat' dir='ltr'>et</span> <span class='ocrx_word' id='word_1_131' title='bbox 189 1596 374 1676; x_wconf 79' lang='lat' dir='ltr'>expositionis</span> <span class='ocrx_word' id='word_1_132' title='bbox 391 1601 539 1677; x_wconf 87' lang='lat' dir='ltr'>tempora,⁴</span> <span class='ocrx_word' id='word_1_133' title='bbox 552 1612 579 1658; x_wconf 88' lang='lat' dir='ltr'>et</span> <span class='ocrx_word' id='word_1_134' title='bbox 600 1599 722 1678; x_wconf 85' lang='lat' dir='ltr'>pastoris</span> <span class='ocrx_word' id='word_1_135' title='bbox 741 1597 884 1658; x_wconf 78' lang='lat' dir='ltr'>consessio</span> <span class='ocrx_word' id='word_1_136' title='bbox 904 1597 1037 1657; x_wconf 89' lang='lat' dir='ltr'>conveni·</span> 
     </span>
     <span class='ocr_line' id='line_1_18' title="bbox 48 1675 1037 1756; baseline 0 -19"><span class='ocrx_word' id='word_1_137' title='bbox 48 1691 120 1746; x_wconf 83' lang='lat' dir='ltr'>rent,</span> <span class='ocrx_word' id='word_1_138' title='bbox 131 1690 263 1756; x_wconf 87' lang='lat' dir='ltr'>nepotem</span> <span class='ocrx_word' id='word_1_139' title='bbox 273 1677 397 1754; x_wconf 79' lang='lat' dir='ltr'>agnovit</span> <span class='ocrx_word' id='word_1_140' title='bbox 429 1678 615 1756; x_wconf 87' lang='lat' dir='ltr'>thusniam</span> <span class='ocrx_word' id='word_1_141' title='bbox 625 1677 772 1738; x_wconf 86' lang='lat' dir='ltr'>somnium</span> <span class='ocrx_word' id='word_1_142' title='bbox 782 1678 891 1737; x_wconf 86' lang='lat' dir='ltr'>exitum</span> <span class='ocrx_word' id='word_1_143' title='bbox 901 1675 1037 1738; x_wconf 62' lang='lat' dir='ltr'>Mbdisss</span> 
     </span>
     <span class='ocr_line' id='line_1_19' title="bbox 46 1756 1035 1847; baseline -0.001 -31"><span class='ocrx_word' id='word_1_144' title='bbox 46 1758 237 1824; x_wconf 84' lang='lat' dir='ltr'>existimabat,</span> <span class='ocrx_word' id='word_1_145' title='bbox 259 1756 336 1834; x_wconf 85' lang='lat' dir='ltr'>quod</span> <span class='ocrx_word' id='word_1_146' title='bbox 360 1758 460 1847; x_wconf 72' lang='lat' dir='ltr'>Cyrus</span> <span class='ocrx_word' id='word_1_147' title='bbox 487 1774 612 1834; x_wconf 77' lang='lat' dir='ltr'>regnum</span> <span class='ocrx_word' id='word_1_148' title='bbox 639 1757 712 1816; x_wconf 87' lang='lat' dir='ltr'>inter</span> <span class='ocrx_word' id='word_1_149' title='bbox 739 1768 866 1834; x_wconf 74' lang='lat' dir='ltr'>pestem</span> <span class='ocrx_word' id='word_1_150' title='bbox 892 1757 1035 1834; x_wconf 81' lang='lat' dir='ltr'>gessisset,</span> 
     </span>
     <span class='ocr_line' id='line_1_20' title="bbox 46 1835 1037 1927; baseline -0.001 -31"><span class='ocrx_word' id='word_1_151' title='bbox 46 1856 141 1927; x_wconf 88' lang='lat' dir='ltr'>puero</span> <span class='ocrx_word' id='word_1_152' title='bbox 154 1836 269 1914; x_wconf 85' lang='lat' dir='ltr'>quidem</span> <span class='ocrx_word' id='word_1_153' title='bbox 284 1847 418 1914; x_wconf 73' lang='lat' dir='ltr'>pepercit.</span> <span class='ocrx_word' id='word_1_154' title='bbox 431 1836 483 1894; x_wconf 89' lang='lat' dir='ltr'>sed</span> <span class='ocrx_word' id='word_1_155' title='bbox 498 1837 639 1914; x_wconf 84' lang='lat' dir='ltr'>Harpago</span> <span class='ocrx_word' id='word_1_156' title='bbox 653 1836 688 1895; x_wconf 90' lang='lat' dir='ltr'>ob</span> <span class='ocrx_word' id='word_1_157' title='bbox 702 1835 858 1914; x_wconf 89' lang='lat' dir='ltr'>imperium</span> <span class='ocrx_word' id='word_1_158' title='bbox 870 1835 1037 1912; x_wconf 79' lang='lat' dir='ltr'>neglectum</span> 
     </span>
     <span class='ocr_line' id='line_1_21' title="bbox 45 1913 972 1994; baseline -0.002 -20"><span class='ocrx_word' id='word_1_159' title='bbox 45 1928 147 1986; x_wconf 77' lang='lat' dir='ltr'>iratus.</span> <span class='ocrx_word' id='word_1_160' title='bbox 162 1915 257 1974; x_wconf 80' lang='lat' dir='ltr'>lilium</span> <span class='ocrx_word' id='word_1_161' title='bbox 270 1915 335 1992; x_wconf 88' lang='lat' dir='ltr'>ejus</span> <span class='ocrx_word' id='word_1_162' title='bbox 349 1915 486 1974; x_wconf 83' lang='lat' dir='ltr'>interiecit</span> <span class='ocrx_word' id='word_1_163' title='bbox 499 1915 630 1994; x_wconf 86' lang='lat' dir='ltr'>patrique</span> <span class='ocrx_word' id='word_1_164' title='bbox 643 1914 820 1994; x_wconf 87' lang='lat' dir='ltr'>epulandum</span> <span class='ocrx_word' id='word_1_165' title='bbox 833 1913 972 1992; x_wconf 83' lang='lat' dir='ltr'>apposuit</span> 
     </span>
    </p>
   </div>
   <div class='ocr_carea' id='block_1_5' title="bbox 180 2035 1029 2156">
    <p class='ocr_par' dir='ltr' id='par_1_5' title="bbox 180 2035 1029 2156">
     <span class='ocr_line' id='line_1_22' title="bbox 180 2035 1029 2156; baseline -0.001 -22"><span class='ocrx_word' id='word_1_166' title='bbox 180 2078 208 2134; x_wconf 74' lang='lat' dir='ltr'>l.</span> <span class='ocrx_word' id='word_1_167' title='bbox 232 2075 398 2152; x_wconf 72' lang='lat' dir='ltr'>Harpagus</span> <span class='ocrx_word' id='word_1_168' title='bbox 407 2077 562 2152; x_wconf 72' lang='lat' dir='ltr'>Astyages</span> <span class='ocrx_word' id='word_1_169' title='bbox 572 2035 678 2151; x_wconf 69' lang='lat' dir='ltr'>prodit.</span> <span class='ocrx_word' id='word_1_170' title='bbox 721 2057 807 2156; x_wconf 80' lang='lat' dir='ltr'>(Ibid</span> <span class='ocrx_word' id='word_1_171' title='bbox 825 2073 846 2131; x_wconf 92' lang='lat' dir='ltr'>l.</span> <span class='ocrx_word' id='word_1_172' title='bbox 863 2072 904 2151; x_wconf 88' lang='lat'>5.)</span> <span class='ocrx_word' id='word_1_173' title='bbox 933 2073 935 2080; x_wconf 77' lang='grc'>’</span> <span class='ocrx_word' id='word_1_174' title='bbox 996 2099 998 2106; x_wconf 70' lang='grc'><strong>’</strong></span> <span class='ocrx_word' id='word_1_175' title='bbox 1027 2038 1029 2044; x_wconf 28' lang='grc' dir='ltr'>Ι</span> 
     </span>
    </p>
   </div>
   <div class='ocr_carea' id='block_1_6' title="bbox 42 2213 1037 2689">
    <p class='ocr_par' dir='ltr' id='par_1_6' title="bbox 42 2213 1037 2689">
     <span class='ocr_line' id='line_1_23' title="bbox 90 2213 1037 2294; baseline 0 -17"><span class='ocrx_word' id='word_1_176' title='bbox 90 2216 138 2277; x_wconf 74' lang='lat' dir='ltr'>Ab</span> <span class='ocrx_word' id='word_1_177' title='bbox 150 2215 233 2275; x_wconf 87' lang='lat' dir='ltr'>initio</span> <span class='ocrx_word' id='word_1_178' title='bbox 247 2217 364 2294; x_wconf 86' lang='lat' dir='ltr'>quidem</span> <span class='ocrx_word' id='word_1_179' title='bbox 387 2219 548 2294; x_wconf 74' lang='lat' dir='ltr'>Harpagus</span> <span class='ocrx_word' id='word_1_180' title='bbox 561 2213 752 2276; x_wconf 87' lang='lat' dir='ltr'>dissimulavit</span> <span class='ocrx_word' id='word_1_181' title='bbox 765 2214 903 2283; x_wconf 86' lang='lat' dir='ltr'>dolorem.</span> <span class='ocrx_word' id='word_1_182' title='bbox 923 2214 974 2274; x_wconf 88' lang='lat' dir='ltr'>ssd</span> <span class='ocrx_word' id='word_1_183' title='bbox 995 2234 1037 2278; x_wconf 86' lang='lat' dir='ltr'>rn-</span> 
     </span>
     <span class='ocr_line' id='line_1_24' title="bbox 42 2293 1034 2372; baseline 0 -18"><span class='ocrx_word' id='word_1_184' title='bbox 42 2306 142 2355; x_wconf 83' lang='lat' dir='ltr'>tentus</span> <span class='ocrx_word' id='word_1_185' title='bbox 176 2295 321 2356; x_wconf 89' lang='lat' dir='ltr'>occasioni</span> <span class='ocrx_word' id='word_1_186' title='bbox 343 2295 489 2356; x_wconf 67' lang='lat' dir='ltr'>uindictae</span> <span class='ocrx_word' id='word_1_187' title='bbox 517 2293 700 2364; x_wconf 80' lang='lat' dir='ltr'>exercendae,</span> <span class='ocrx_word' id='word_1_188' title='bbox 727 2305 856 2372; x_wconf 86' lang='lat' dir='ltr'>ternpore</span> <span class='ocrx_word' id='word_1_189' title='bbox 882 2295 1034 2372; x_wconf 78' lang='lat' dir='ltr'>interjecto,</span> 
     </span>
     <span class='ocr_line' id='line_1_25' title="bbox 42 2365 1035 2464; baseline 0.003 -32"><span class='ocrx_word' id='word_1_190' title='bbox 42 2394 140 2452; x_wconf 89' lang='lat' dir='ltr'>quum</span> <span class='ocrx_word' id='word_1_191' title='bbox 160 2374 331 2434; x_wconf 77' lang='lat' dir='ltr'>adolevisset</span> <span class='ocrx_word' id='word_1_192' title='bbox 350 2365 455 2464; x_wconf 67' lang='lat' dir='ltr'>Cyrni</span> <span class='ocrx_word' id='word_1_193' title='bbox 475 2373 574 2434; x_wconf 84' lang='lat' dir='ltr'>omnia</span> <span class='ocrx_word' id='word_1_194' title='bbox 595 2375 622 2434; x_wconf 90' lang='lat' dir='ltr'>ei</span> <span class='ocrx_word' id='word_1_195' title='bbox 643 2373 822 2452; x_wconf 83' lang='lat' dir='ltr'>perscripsit:</span> <span class='ocrx_word' id='word_1_196' title='bbox 844 2383 875 2433; x_wconf 92' lang='lat' dir='ltr'>ut</span> <span class='ocrx_word' id='word_1_197' title='bbox 889 2376 1035 2454; x_wconf 79' lang='lat' dir='ltr'>Astyages</span> 
     </span>
     <span class='ocr_line' id='line_1_26' title="bbox 43 2453 1036 2532; baseline 0.003 -21"><span class='ocrx_word' id='word_1_198' title='bbox 43 2473 115 2512; x_wconf 86' lang='lat' dir='ltr'>eum</span> <span class='ocrx_word' id='word_1_199' title='bbox 136 2453 260 2512; x_wconf 86' lang='lat' dir='ltr'>interfici</span> <span class='ocrx_word' id='word_1_200' title='bbox 276 2453 401 2528; x_wconf 79' lang='lat' dir='ltr'>jusserat,</span> <span class='ocrx_word' id='word_1_201' title='bbox 415 2465 446 2512; x_wconf 87' lang='lat' dir='ltr'>ut</span> <span class='ocrx_word' id='word_1_202' title='bbox 466 2456 530 2512; x_wconf 81' lang='lat' dir='ltr'>suo⁵</span> <span class='ocrx_word' id='word_1_203' title='bbox 549 2453 689 2512; x_wconf 88' lang='lat' dir='ltr'>beneficio</span> <span class='ocrx_word' id='word_1_204' title='bbox 710 2453 746 2512; x_wconf 89' lang='lat' dir='ltr'>sit</span> <span class='ocrx_word' id='word_1_205' title='bbox 766 2463 903 2522; x_wconf 79' lang='lat' dir='ltr'>servatus.</span> <span class='ocrx_word' id='word_1_206' title='bbox 923 2465 953 2514; x_wconf 91' lang='lat' dir='ltr'>ut</span> <span class='ocrx_word' id='word_1_207' title='bbox 973 2454 1036 2532; x_wconf 82' lang='lat' dir='ltr'>ipse</span> 
     </span>
     <span class='ocr_line' id='line_1_27' title="bbox 45 2531 1035 2608; baseline 0.003 -19"><span class='ocrx_word' id='word_1_208' title='bbox 45 2532 145 2591; x_wconf 83' lang='lat' dir='ltr'>filium</span> <span class='ocrx_word' id='word_1_209' title='bbox 163 2532 333 2591; x_wconf 86' lang='lat' dir='ltr'>crudelitate</span> <span class='ocrx_word' id='word_1_210' title='bbox 346 2532 425 2608; x_wconf 82' lang='lat' dir='ltr'>regis</span> <span class='ocrx_word' id='word_1_211' title='bbox 445 2533 598 2599; x_wconf 58' lang='lat' dir='ltr'>amiserit„</span> <span class='ocrx_word' id='word_1_212' title='bbox 626 2531 738 2593; x_wconf 85' lang='lat' dir='ltr'>Deinde</span> <span class='ocrx_word' id='word_1_213' title='bbox 759 2553 827 2594; x_wconf 85' lang='lat' dir='ltr'>eum</span> <span class='ocrx_word' id='word_1_214' title='bbox 846 2533 983 2601; x_wconf 81' lang='lat' dir='ltr'>hortatur,</span> <span class='ocrx_word' id='word_1_215' title='bbox 1005 2545 1035 2596; x_wconf 89' lang='lat' dir='ltr'>ut</span> 
     </span>
     <span class='ocr_line' id='line_1_28' title="bbox 44 2611 1034 2689; baseline 0.002 -21"><span class='ocrx_word' id='word_1_216' title='bbox 44 2612 207 2670; x_wconf 81' lang='lat' dir='ltr'>exereitum</span> <span class='ocrx_word' id='word_1_217' title='bbox 228 2623 315 2688; x_wconf 73' lang='lat' dir='ltr'>paret,</span> <span class='ocrx_word' id='word_1_218' title='bbox 336 2613 523 2688; x_wconf 76' lang='lat' dir='ltr'>pronamque·</span> <span class='ocrx_word' id='word_1_219' title='bbox 539 2611 577 2669; x_wconf 91' lang='lat' dir='ltr'>ad</span> <span class='ocrx_word' id='word_1_220' title='bbox 598 2629 721 2688; x_wconf 83' lang='lat' dir='ltr'>regnum</span> <span class='ocrx_word' id='word_1_221' title='bbox 743 2612 820 2674; x_wconf 80' lang='lat' dir='ltr'>viam</span> <span class='ocrx_word' id='word_1_222' title='bbox 840 2611 1034 2689; x_wconf 55' lang='lat' dir='ltr'>ingeniatum</span> 
     </span>
    </p>
   </div>
   <div class='ocr_carea' id='block_1_7' title="bbox 45 2688 1141 2768">
    <p class='ocr_par' dir='ltr' id='par_1_7' title="bbox 45 2688 1141 2768">
     <span class='ocr_line' id='line_1_29' title="bbox 45 2688 1141 2768; baseline 0.005 -22"><span class='ocrx_word' id='word_1_223' title='bbox 45 2689 136 2750; x_wconf 90' lang='lat' dir='ltr'>simul</span> <span class='ocrx_word' id='word_1_224' title='bbox 147 2688 302 2749; x_wconf 86' lang='lat' dir='ltr'>Medorum</span> <span class='ocrx_word' id='word_1_225' title='bbox 313 2691 368 2767; x_wconf 91' lang='lat' dir='ltr'>ipsi</span> <span class='ocrx_word' id='word_1_226' title='bbox 378 2691 573 2749; x_wconf 87' lang='lat' dir='ltr'>transitionem</span> <span class='ocrx_word' id='word_1_227' title='bbox 589 2690 731 2767; x_wconf 91' lang='lat' dir='ltr'>promittit.</span> <span class='ocrx_word' id='word_1_228' title='bbox 766 2691 905 2768; x_wconf 77' lang='lat' dir='ltr'>Epistola,</span> <span class='ocrx_word' id='word_1_229' title='bbox 915 2693 1036 2768; x_wconf 79' lang='lat' dir='ltr'>quiore-</span> <span class='ocrx_word' id='word_1_230' title='bbox 1140 2725 1141 2730; x_wconf 19' lang='grc' dir='ltr'><strong><em>κ</em></strong></span> 
     </span>
    </p>
   </div>
   <div class='ocr_carea' id='block_1_8' title="bbox 44 2767 1037 2985">
    <p class='ocr_par' dir='ltr' id='par_1_8' title="bbox 44 2767 1037 2985">
     <span class='ocr_line' id='line_1_30' title="bbox 45 2767 1037 2846; baseline 0.002 -20"><span class='ocrx_word' id='word_1_231' title='bbox 45 2767 94 2844; x_wconf 83' lang='lat' dir='ltr'>gis</span> <span class='ocrx_word' id='word_1_232' title='bbox 108 2767 242 2827; x_wconf 86' lang='lat' dir='ltr'>custodes</span> <span class='ocrx_word' id='word_1_233' title='bbox 255 2786 357 2827; x_wconf 86' lang='lat' dir='ltr'>ornnes</span> <span class='ocrx_word' id='word_1_234' title='bbox 369 2767 650 2836; x_wconf 77' lang='lat' dir='ltr'>aditusobaideliant.</span> <span class='ocrx_word' id='word_1_235' title='bbox 661 2779 822 2832; x_wconf 82' lang='lat' dir='ltr'>exenterato</span> <span class='ocrx_word' id='word_1_236' title='bbox 832 2767 922 2846; x_wconf 86' lang='lat' dir='ltr'>lepori</span> <span class='ocrx_word' id='word_1_237' title='bbox 936 2769 1037 2838; x_wconf 84' lang='lat' dir='ltr'>inseri·</span> 
     </span>
     <span class='ocr_line' id='line_1_31' title="bbox 44 2846 1036 2985; baseline 0.002 -79"><span class='ocrx_word' id='word_1_238' title='bbox 44 2846 263 2985; x_wconf 48' lang='lat' dir='ltr'>tgiritilppusque</span> <span class='ocrx_word' id='word_1_239' title='bbox 281 2848 361 2926; x_wconf 87' lang='lat' dir='ltr'>Cyro</span> <span class='ocrx_word' id='word_1_240' title='bbox 382 2847 461 2927; x_wconf 88' lang='lat' dir='ltr'>apud</span> <span class='ocrx_word' id='word_1_241' title='bbox 483 2849 588 2938; x_wconf 85' lang='lat' dir='ltr'>Persas</span> <span class='ocrx_word' id='word_1_242' title='bbox 610 2847 725 2926; x_wconf 80' lang='lat' dir='ltr'>degenti</span> <span class='ocrx_word' id='word_1_243' title='bbox 742 2868 793 2964; x_wconf 82' lang='lat' dir='ltr'>per</span> <span class='ocrx_word' id='word_1_244' title='bbox 810 2848 901 2944; x_wconf 83' lang='lat' dir='ltr'>lidum</span> <span class='ocrx_word' id='word_1_245' title='bbox 918 2867 1036 2954; x_wconf 70' lang='lat' dir='ltr'>serrum</span> 
     </span>
    </p>
   </div>
   <div class='ocr_carea' id='block_1_9' title="bbox 219 3021 1114 3168">
    <p class='ocr_par' dir='ltr' id='par_1_9' title="bbox 219 3021 1114 3168">
     <span class='ocr_line' id='line_1_32' title="bbox 219 3021 1114 3168; baseline 0.006 -41"><span class='ocrx_word' id='word_1_246' title='bbox 219 3021 866 3152; x_wconf 64' lang='lat' dir='ltr'>5.cymeureitemparar·(1biuto.t</span> <span class='ocrx_word' id='word_1_247' title='bbox 934 3025 936 3030; x_wconf 23' lang='grc' dir='ltr'>Ι</span> <span class='ocrx_word' id='word_1_248' title='bbox 978 3163 980 3168; x_wconf 23' lang='grc' dir='ltr'>Ι</span> <span class='ocrx_word' id='word_1_249' title='bbox 1107 3025 1114 3040; x_wconf 28' lang='lat' dir='ltr'>i</span> 
     </span>
    </p>
   </div>
   <div class='ocr_carea' id='block_1_10' title="bbox 38 3206 1037 3901">
    <p class='ocr_par' dir='ltr' id='par_1_10' title="bbox 38 3206 1037 3846">
     <span class='ocr_line' id='line_1_33' title="bbox 85 3206 1034 3292; baseline 0.007 -23"><span class='ocrx_word' id='word_1_250' title='bbox 85 3209 195 3287; x_wconf 74' lang='lat' dir='ltr'>Cyrus,</span> <span class='ocrx_word' id='word_1_251' title='bbox 212 3206 347 3288; x_wconf 80' lang='lat' dir='ltr'>Harpagi</span> <span class='ocrx_word' id='word_1_252' title='bbox 366 3211 495 3288; x_wconf 88' lang='lat' dir='ltr'>epistolis</span> <span class='ocrx_word' id='word_1_253' title='bbox 514 3211 602 3280; x_wconf 85' lang='lat' dir='ltr'>lectis,</span> <span class='ocrx_word' id='word_1_254' title='bbox 616 3209 701 3272; x_wconf 76' lang='lat' dir='ltr'>nihir</span> <span class='ocrx_word' id='word_1_255' title='bbox 721 3224 878 3292; x_wconf 82' lang='lat' dir='ltr'>cunctatus,</span> <span class='ocrx_word' id='word_1_256' title='bbox 894 3213 1034 3292; x_wconf 78' lang='lat' dir='ltr'>populum</span> 
     </span>
     <span class='ocr_line' id='line_1_34' title="bbox 41 3287 1037 3365; baseline 0.008 -19"><span class='ocrx_word' id='word_1_257' title='bbox 41 3287 223 3354; x_wconf 83' lang='lat' dir='ltr'>convocavit.</span> <span class='ocrx_word' id='word_1_258' title='bbox 234 3307 327 3365; x_wconf 84' lang='lat' dir='ltr'>enque</span> <span class='ocrx_word' id='word_1_259' title='bbox 341 3290 482 3350; x_wconf 86' lang='lat' dir='ltr'>inlocum</span> <span class='ocrx_word' id='word_1_260' title='bbox 495 3290 656 3352; x_wconf 78' lang='lat' dir='ltr'>silvestrem</span> <span class='ocrx_word' id='word_1_261' title='bbox 669 3291 799 3360; x_wconf 82' lang='lat' dir='ltr'>adducto,</span> <span class='ocrx_word' id='word_1_262' title='bbox 811 3293 915 3354; x_wconf 84' lang='lat' dir='ltr'>silvam</span> <span class='ocrx_word' id='word_1_263' title='bbox 928 3293 1037 3354; x_wconf 52' lang='lat' dir='ltr'>securis</span> 
     </span>
     <span class='ocr_line' id='line_1_35' title="bbox 41 3365 1035 3448; baseline 0.006 -24"><span class='ocrx_word' id='word_1_264' title='bbox 41 3365 98 3424; x_wconf 90' lang='lat' dir='ltr'>bus</span> <span class='ocrx_word' id='word_1_265' title='bbox 108 3365 208 3426; x_wconf 80' lang='lat' dir='ltr'>excidi</span> <span class='ocrx_word' id='word_1_266' title='bbox 218 3367 322 3442; x_wconf 86' lang='lat' dir='ltr'>jussit·</span> <span class='ocrx_word' id='word_1_267' title='bbox 355 3368 543 3446; x_wconf 75' lang='lat' dir='ltr'>Quodquum</span> <span class='ocrx_word' id='word_1_268' title='bbox 557 3383 674 3430; x_wconf 89' lang='lat' dir='ltr'>strenue</span> <span class='ocrx_word' id='word_1_269' title='bbox 687 3370 835 3439; x_wconf 71' lang='lat' dir='ltr'>fecissent,⁸</span> <span class='ocrx_word' id='word_1_270' title='bbox 843 3369 959 3432; x_wconf 87' lang='lat' dir='ltr'>eosdem</span> <span class='ocrx_word' id='word_1_271' title='bbox 972 3387 1035 3448; x_wconf 87' lang='lat' dir='ltr'>pos·</span> 
     </span>
     <span class='ocr_line' id='line_1_36' title="bbox 40 3444 1035 3540; baseline 0.006 -36"><span class='ocrx_word' id='word_1_272' title='bbox 40 3444 179 3504; x_wconf 84' lang='lat' dir='ltr'>terodie</span> <span class='ocrx_word' id='word_1_273' title='bbox 199 3445 236 3504; x_wconf 91' lang='lat' dir='ltr'>ad</span> <span class='ocrx_word' id='word_1_274' title='bbox 259 3447 361 3524; x_wconf 88' lang='lat' dir='ltr'>epulas</span> <span class='ocrx_word' id='word_1_275' title='bbox 384 3447 489 3507; x_wconf 82' lang='lat' dir='ltr'>inritat</span> <span class='ocrx_word' id='word_1_276' title='bbox 534 3449 646 3508; x_wconf 88' lang='lat' dir='ltr'>Deinde</span> <span class='ocrx_word' id='word_1_277' title='bbox 672 3469 764 3526; x_wconf 85' lang='lat' dir='ltr'>quum</span> <span class='ocrx_word' id='word_1_278' title='bbox 789 3449 945 3512; x_wconf 86' lang='lat' dir='ltr'>alacriores</span> <span class='ocrx_word' id='word_1_279' title='bbox 972 3449 1035 3540; x_wconf 82' lang='lat' dir='ltr'>ipro</span> 
     </span>
     <span class='ocr_line' id='line_1_37' title="bbox 39 3523 1036 3607; baseline 0.006 -24"><span class='ocrx_word' id='word_1_280' title='bbox 39 3523 181 3583; x_wconf 80' lang='lat' dir='ltr'>convivio</span> <span class='ocrx_word' id='word_1_281' title='bbox 204 3524 292 3584; x_wconf 83' lang='lat' dir='ltr'>factos</span> <span class='ocrx_word' id='word_1_282' title='bbox 320 3525 433 3594; x_wconf 75' lang='lat' dir='ltr'>videret,</span> <span class='ocrx_word' id='word_1_283' title='bbox 455 3537 545 3603; x_wconf 77' lang='lat' dir='ltr'>rogat.</span> <span class='ocrx_word' id='word_1_284' title='bbox 570 3529 597 3586; x_wconf 72' lang='lat' dir='ltr'>si·</span> <span class='ocrx_word' id='word_1_285' title='bbox 622 3527 746 3588; x_wconf 92' lang='lat' dir='ltr'>conditio</span> <span class='ocrx_word' id='word_1_286' title='bbox 774 3540 847 3590; x_wconf 87' lang='lat' dir='ltr'>esset</span> <span class='ocrx_word' id='word_1_287' title='bbox 873 3527 1036 3607; x_wconf 73' lang='lat' dir='ltr'>proposita,⁸</span> 
     </span>
     <span class='ocr_line' id='line_1_38' title="bbox 40 3603 1035 3686; baseline 0.008 -24"><span class='ocrx_word' id='word_1_288' title='bbox 40 3613 145 3662; x_wconf 90' lang='lat' dir='ltr'>utrum</span> <span class='ocrx_word' id='word_1_289' title='bbox 160 3603 287 3663; x_wconf 85' lang='lat' dir='ltr'>hesterni</span> <span class='ocrx_word' id='word_1_290' title='bbox 298 3603 356 3665; x_wconf 89' lang='lat' dir='ltr'>diei</span> <span class='ocrx_word' id='word_1_291' title='bbox 370 3606 504 3677; x_wconf 67' lang='lat' dir='ltr'>laborem¹</span> <span class='ocrx_word' id='word_1_292' title='bbox 514 3626 552 3664; x_wconf 92' lang='lat' dir='ltr'>an</span> <span class='ocrx_word' id='word_1_293' title='bbox 567 3607 761 3684; x_wconf 85' lang='lat' dir='ltr'>praesentium</span> <span class='ocrx_word' id='word_1_294' title='bbox 771 3603 923 3686; x_wconf 85' lang='lat' dir='ltr'>epularum</span> <span class='ocrx_word' id='word_1_295' title='bbox 937 3606 1035 3670; x_wconf 83' lang='lat' dir='ltr'>hilari·</span> 
     </span>
     <span class='ocr_line' id='line_1_39' title="bbox 38 3683 1034 3763; baseline 0.001 -22"><span class='ocrx_word' id='word_1_296' title='bbox 38 3691 130 3741; x_wconf 85' lang='lat' dir='ltr'>tatem</span> <span class='ocrx_word' id='word_1_297' title='bbox 151 3683 308 3758; x_wconf 87' lang='lat' dir='ltr'>praelaturi</span> <span class='ocrx_word' id='word_1_298' title='bbox 330 3687 444 3745; x_wconf 81' lang='lat' dir='ltr'>esseutl</span> <span class='ocrx_word' id='word_1_299' title='bbox 471 3685 663 3763; x_wconf 85' lang='lat' dir='ltr'>omnibusque</span> <span class='ocrx_word' id='word_1_300' title='bbox 685 3687 931 3758; x_wconf 74' lang='lat' dir='ltr'>clamantibus„re</span> <span class='ocrx_word' id='word_1_301' title='bbox 948 3707 1034 3762; x_wconf 60' lang='lat' dir='ltr'>prop·</span> 
     </span>
     <span class='ocr_line' id='line_1_40' title="bbox 39 3761 1030 3846; baseline 0.008 -28"><span class='ocrx_word' id='word_1_302' title='bbox 39 3761 469 3841; x_wconf 60' lang='lat' dir='ltr'>untcsprcefcrrccpolasaim</span> <span class='ocrx_word' id='word_1_303' title='bbox 481 3763 623 3826; x_wconf 73' lang='lat' dir='ltr'>Hesterno</span> <span class='ocrx_word' id='word_1_304' title='bbox 631 3766 692 3826; x_wconf 83' lang='lat' dir='ltr'>dici</span> <span class='ocrx_word' id='word_1_305' title='bbox 700 3765 1030 3846; x_wconf 66' lang='lat' dir='ltr'>ommmodomsimilcr</span> 
     </span>
    </p>

    <p class='ocr_par' dir='ltr' id='par_1_11' title="bbox 80 3845 421 3901">
     <span class='ocr_line' id='line_1_41' title="bbox 80 3845 421 3901; baseline 0.009 -2"><span class='ocrx_word' id='word_1_306' title='bbox 80 3858 173 3900; x_wconf 72' lang='lat' dir='ltr'>saar</span> <span class='ocrx_word' id='word_1_307' title='bbox 188 3845 284 3901; x_wconf 83' lang='lat' dir='ltr'>u.—2</span> <span class='ocrx_word' id='word_1_308' title='bbox 416 3862 421 3871; x_wconf 83' lang='grc'>’</span> 
     </span>
    </p>
   </div>
   <div class='ocr_carea' id='block_1_11' title="bbox 0 0 1154 4059">
    <p class='ocr_par' dir='ltr' id='par_1_12' title="bbox 0 0 1154 4059">
     <span class='ocr_line' id='line_1_42' title="bbox 0 0 1154 4059; baseline 0 0"><span class='ocrx_word' id='word_1_309' title='bbox 0 0 1154 4059; x_wconf 95' lang='lat' dir='ltr'> </span> 
     </span>
    </p>
   </div>
  </div>
 </body>
</html>
