2300 4059
353 57 392 103 or
407 56 472 103 'rus
488 57 692 114 arceantur,
706 58 752 102 ec
974 70 980 77 ’
1003 44 1043 105 80
1134 47 1135 64 ’

163 192 172 225 ¹
190 198 315 261 odeum
329 199 452 270 fluvius,¹
465 198 546 260 haud
565 200 653 276 longe
668 218 687 257 a
705 167 804 259 Rheni
819 198 944 261 hatthus
956 208 1043 269 ottus.
1135 199 1136 268 J

83 316 94 327 ,.
117 304 122 327 ι
149 280 290 339 [emund
306 280 454 357 excipitur,
472 289 623 355 servatque
643 277 789 355 impetum,
805 279 845 337 5⁸⁸
865 290 897 337 ¹¹⁸
916 298 968 357 1²⁸1
986 296 1044 371 Ψ·

67 357 145 417 dium
162 357 260 417 lacum
277 359 389 435 integer
408 358 485 427 fluat,
502 368 662 434 tantusque,
675 368 799 433 quantus
815 356 899 425 veuit,
918 356 1045 434 egredia-

67 447 117 495 tur.
159 437 232 496 Inde
252 435 290 495 ad
306 454 442 495 occasum
455 436 563 504 versus}
579 434 692 494 Gallias
712 434 891 513 aliquamdiu
909 434 1018 496 dirimit
1025 436 1045 494 :⁸

68 514 161 583 donec,
171 534 260 574 cursu
273 515 304 573 in
318 514 468 574 meridiem
479 516 560 583 flexo.
571 514 695 573 aliorum
704 515 835 574 amnium
847 532 967 574 accessu
979 534 1046 575 auc·

66 590 404 655 tusinmareeffunditur.

104 678 128 733 6.
150 673 198 731 Ea
209 692 278 753 pars
293 673 416 741 Galliae,
431 690 505 750 qnae
518 668 555 731 ad
575 670 715 731 Rhenum
734 669 909 749 porrigitun⁴
919 671 1046 732 frumen

66 752 85 809 ti
104 750 260 829 pabulique
280 751 457 811 feracissima
476 761 525 820 est,
543 750 658 810 coelum
677 750 807 811 salubre:
831 750 918 809 noxia
938 752 1046 810 anima·

67 829 136 890 lium
149 850 259 906 genera
272 830 433 907 paucaalit
478 830 595 889 Incolae
607 830 722 906 superbi
751 840 777 887 et
796 828 992 906 superstitiosi,
1005 830 1047 890 ita

67 919 95 968 ut
119 908 188 967 deos
218 908 354 970 humanis
381 907 504 969 victimis
535 907 663 985 gaudere
688 909 855 968 existiment
911 908 1046 985 Magistri

67 987 241 1065 religionum
250 998 277 1047 et
289 989 445 1065 sapientiae
457 998 523 1046 sunt
539 986 688 1055 Dnridae‚⁶
696 988 755 1065 qui,
764 1004 840 1064 quae
850 1004 884 1045 se
895 984 970 1045 scire
982 1005 1046 1065 pro·

67 1067 195 1134 litentur,⁸
208 1066 240 1125 iu
258 1068 347 1125 antris
361 1065 521 1143 abditisque
534 1066 616 1127 silvis
628 1064 736 1125 docent.
779 1067 903 1126 Animas
916 1076 1045 1135 aeternae

67 1165 127 1205 esee
139 1144 267 1215 creduut,
281 1146 425 1225 vitamque
439 1146 557 1205 alteram
570 1156 632 1223 poet
644 1156 766 1205 mortem
782 1144 916 1222 incipere.
959 1146 1045 1205 Hanc

67 1225 100 1283 ob
108 1243 228 1283 causam
241 1244 310 1283 oum
319 1224 457 1283 defunctis
470 1242 552 1282 arma
565 1235 692 1283 cremant
704 1236 755 1283 aut
763 1222 915 1292 defodiunt,
925 1242 1047 1301 eamque

67 1302 221 1363 doctrinam
235 1302 367 1361 homines
381 1303 418 1361 ad
431 1302 539 1363 bellum
553 1302 707 1363 alacriores
720 1302 815 1361 faeere
827 1302 997 1361 existimant.

103 1386 127 1441 7.
152 1383 299 1442 Universa
310 1380 410 1441 Gallia
419 1380 511 1441 divisa
524 1393 566 1441 est
579 1382 652 1440 inter
661 1392 718 1439 tres
727 1400 851 1458 magnos
863 1379 986 1459 populos
995 1379 1047 1459 qui

68 1460 160 1521 fluviis
170 1461 367 1520 terminantur.
399 1466 428 1519 A
439 1462 592 1540 Pyrenaeo
599 1470 696 1521 monte
704 1478 796 1537 usque
805 1459 842 1518 ad
853 1458 1046 1519 Garumnam*

67 1540 213 1617 Aqunantt
235 1540 376 1615 habitant;
404 1539 471 1599 iude
492 1539 530 1599 ad
556 1539 733 1617 Sequauarn’
756 1539 855 1598 Celtae
863 1540 892 1596 :¹⁴
916 1536 1047 1617 Belgae¹¹

67 1619 186 1697 denique
199 1618 343 1695 usquead
356 1618 495 1678 Rhenum
508 1618 678 1696 pertinent.¹⁹

104 1702 128 1757 8.
151 1699 307 1756 Garumna
320 1692 413 1755 amnis
427 1716 463 1755 ex
478 1698 630 1777 Pyrenaeo
643 1708 738 1756 monte
752 1694 893 1774 delapsus,
904 1694 953 1754 diu
963 1694 1048 1754 vado·

10 1800 12 1813 =
67 1787 196 1835 auseatet
204 1776 254 1834 vix
262 1776 441 1853 navigabilis.
466 1773 942 1853 Quantomagisprocedittantofit
950 1773 1046 1852 laticr;

66 1854 100 1913 ad
113 1866 290 1933 postremum
302 1854 403 1933 magni
417 1855 480 1913 freti
493 1854 605 1922 similis,
618 1873 677 1913 nou
694 1854 790 1913 solum
807 1854 916 1929 majora
928 1852 1048 1930 navigia

66 1934 169 2004 tolerat,
180 1954 283 1993 verum
297 1934 382 1993 etiarn
395 1952 476 1992 more
488 1934 578 1994 maris
592 1934 728 2011 exsurgit,
738 1932 965 2009 navigantesque
976 1942 1048 1992 atro·
1121 1968 1124 1973 .

67 2012 132 2071 citer
148 2013 235 2071 'aetat
1038 2005 1046 2022 ’

104 2094 130 2151 9.
142 2034 287 2169 JSequana
297 2111 333 2149 ex
342 2089 467 2168 Alpibus
478 2101 557 2151 ortus
567 2090 598 2149 in
607 2090 827 2167 septentrionem
836 2088 937 2181 pergit.
968 2088 1048 2150 Post·

68 2189 152 2247 quam
160 2190 193 2229 se
205 2170 281 2230 hand
291 2170 392 2247 procul
404 2170 534 2231 Lutetia¹⁸
545 2188 613 2229 cum
623 2170 759 2228 Matrona
766 2168 921 2246 conjunxrt,
930 2169 1048 2228 Oceano

68 2246 229 2307 infunditur.
274 2250 357 2309 Haec
369 2249 489 2317 dmnina
499 2247 741 2327 opportunissima
750 2258 817 2306 sunt
829 2247 973 2306 mercibus
986 2264 1049 2325 pera

68 2327 209 2387 mutandis
224 2339 251 2387 et
264 2348 300 2386 er
313 2328 387 2387 mari
401 2326 512 2386 interno
526 2327 557 2385 in
568 2328 718 2387 Oceanum
729 2325 954 2387 transvehendis

109 2406 287 2465 tattheum
313 2404 413 2465 itidem
421 2426 457 2466 ex
466 2406 591 2484 Alpibus
598 2415 684 2473 ortus.
694 2403 773 2465 haud
780 2405 881 2485 procul
890 2404 926 2464 ab
934 2404 1048 2481 origine

68 2485 161 2545 lacum
175 2485 262 2545 efficit
273 2486 439 2543 Venetum¹⁴
448 2482 498 2563 qui
512 2485 597 2544 etirnn
611 2484 781 2560 Brigantiae
790 2483 959 2563 appellatur.
992 2484 1049 2543 De·

68 2564 133 2623 inde
142 2564 232 2641 longo
242 2566 332 2641 spatio
342 2583 393 2641 per
403 2564 475 2622 fines
487 2562 696 2631 Helvetiorum,
708 2562 1013 2622 Mediomatricorum‘³
1021 2572 1049 2621 et

69 2642 416 2702 Trevirorum¹⁰continuo
425 2641 506 2703 alveo
515 2643 611 2710 lemur,
617 2653 666 2701 aut
673 2642 800 2701 modicas
809 2640 920 2700 insulas
928 2642 1049 2701 circum·

69 2722 174 2799 fluens;
196 2721 227 2781 iu
241 2740 312 2799 agro
326 2722 439 2781 Batavo
452 2733 554 2792 autem,
565 2720 614 2780 ubi
630 2722 746 2781 Oceano
759 2720 1004 2797 appropinquavit,
1015 2718 1048 2779 iu

68 2800 164 2877 plures
172 2820 273 2861 amnes
282 2798 428 2877 dividitur3
443 2820 496 2859 nec
501 2799 562 2877 jam
570 2798 672 2870 amnis,
681 2798 732 2859 sed
742 2798 814 2877 ripis
821 2799 909 2875 longe
918 2796 1050 2858 receden-

68 2880 148 2949 tibus,
154 2876 964 2957 ingenslacuaFlevc¹⁷appellatur,ejusdemquenomiuis
972 2876 1050 2937 insu·

69 2956 125 3018 lum
138 2960 298 3037 amplexus,
313 2957 343 3016 fit
363 2957 467 3017 nerum
487 2957 598 3028 arctior,
611 2970 640 3016 et
660 2956 768 3018 fluvius
788 2958 912 3017 itennu'³
924 2954 956 3015 iu
968 2973 1050 3015 mare

68 3038 209 3097 emittitur.

111 3121 152 3176 ll.
177 3118 274 3176 Trans
288 3114 426 3175 Rhenum
437 3114 579 3175 Germani
592 3114 718 3174 habitant
731 3132 824 3191 usque
837 3112 874 3172 ad
884 3110 1051 3175 vistulam

70 3212 142 3269 quae
152 3195 218 3255 finis
229 3206 270 3255 est
281 3194 457 3253 Germaniae
466 3192 503 3251 ad
516 3193 661 3253 orientem.
692 3191 741 3253 nd
754 3190 904 3253 meridiem
916 3192 1051 3253 termina·

68 3284 113 3331 tur
124 3274 257 3351 Alpibus,
267 3268 302 3330 ad
317 3272 537 3350 septentrionem
546 3272 620 3331 mari
634 3270 801 3331 Britannico
811 3282 837 3330 et
851 3272 971 3331 Baltico.
1003 3272 1050 3331 In·

69 3351 149 3410 colae
157 3370 311 3431 corporum
324 3351 489 3429 proceritate
499 3350 649 3417 excellunt,
659 3349 771 3411 animos
779 3348 919 3419 bellando,
927 3368 1050 3429 corpora

70 3429 214 3491 laboribus
228 3441 367 3489 exercent.
400 3433 486 3491 Hanc
496 3430 532 3489 ob
542 3449 660 3489 causam
669 3428 768 3489 crebro
776 3427 853 3490 bella
866 3441 969 3506 gerunt
981 3446 1051 3488 eum

70 3508 205 3579 finitimis,
215 3528 275 3568 non
285 3520 343 3569 tam
354 3509 455 3567 finium
465 3509 699 3587 prolatandomm
712 3527 807 3589 causa,
817 3520 866 3569 aut
879 3506 993 3585 imperii
1002 3524 1052 3566 cu·
1098 3516 1102 3528 ’

70 3587 191 3663 piditete,
201 3587 253 3647 sed
266 3588 302 3648 ob
314 3588 383 3648 belli
396 3608 532 3648 amorem.
575 3589 661 3647 Mites
673 3598 769 3647 tamen
782 3598 848 3645 suut
861 3606 932 3661 erga
944 3584 1052 3662 suppli·

70 3686 118 3727 ces
128 3678 155 3727 et
162 3668 232 3729 boni
242 3666 431 3747 hospitibus.nl
464 3666 560 3727 Urbes
569 3663 720 3726 moenibus
729 3667 845 3733 cinctas,
853 3675 902 3722 aut
909 3663 993 3721 fossis
1001 3681 1052 3739 ag·
