2300 4059
9 570 12 579 ,
107 513 154 566 7⁰⁵

89 77 132 141 56
443 94 556 139 nonu
571 95 721 140 arnon.

90 237 167 299 simo
179 244 207 295 et
218 236 462 313 amantissimo
479 236 594 313 juvene
636 236 791 314 Reliquiae
811 236 954 313 uetabas
974 256 1028 317 per
1041 234 1079 299 C.

93 315 231 377 Cassium
243 324 424 389 quaestorem
436 326 565 377 servam
576 326 651 377 suut
972 333 974 337 ·
1146 389 1148 400 Ι

222 396 249 451 9.
273 394 354 455 Hinc
371 394 434 470 jam
462 392 572 455 bellum
591 393 679 455 civile
698 396 843 463 maenis
871 414 929 473 quo
949 395 1081 457 Rormni
1146 430 1148 435 ·

92 452 169 503 Μ’
183 472 318 531 nominis¹
348 472 462 534 fortuna
490 484 600 534 mutata
627 485 676 534 eat
720 476 829 535 Caesar
851 477 931 535 enim
951 477 1082 536 inune

154 553 161 565 '
185 549 285 611 Gallia
298 550 419 623 rediens,
441 552 555 613 absens²
584 554 676 631 coepit
696 572 814 631 poscere
834 552 959 615 alterum
978 572 1083 615 comu-

91 628 197 706 tuuu3
219 648 308 707 quern
321 650 412 713 quum
426 630 517 709 aliqui
531 631 595 695 siue
607 630 781 694 dubitatione
802 632 950 703 deferrent,
970 643 1083 693 contra
1146 625 1147 688 f

91 708 199 769 dictum
211 720 252 769 est
265 729 284 767 a
297 711 437 789 Pompeio
451 722 477 771 et
490 710 564 779 aliis,
579 710 737 788 jussusque
749 723 798 782 est
811 711 939 772 dimine
951 711 1084 772 exerciti·

5 800 6 805 ’
90 786 152 858 bus,
175 789 206 850 iu
227 788 330 849 urbem
353 788 455 851 redire
498 791 620 869 Propter
633 789 709 850 bana
722 790 861 867 injuriam
873 790 912 865 ab
924 789 1083 861 Arimino,³
1146 791 1147 834 l

26 902 28 907 ,
91 866 141 927 ubi
154 866 260 927 milites
274 879 465 947 congregatos
479 869 600 931 habehat
620 868 722 930 infesto
734 870 1003 931 exercituRomam
1016 889 1073 929 con

90 942 184 1005 tendit.
227 946 371 1011 Consules
383 962 452 1011 cum
467 948 614 1027 Pompejo.
627 959 802 1025 senatusque
813 950 909 1010 omnis
920 959 1007 1027 atquo
1018 948 1085 1009 uni·

92 1045 175 1086 versa
187 1026 322 1087 nobilitas
334 1046 371 1085 ex
384 1028 456 1089 urba
470 1028 544 1107 fugit
557 1039 585 1087 et
597 1028 629 1087 in
643 1028 801 1088 Graeciam
813 1029 940 1105 transiit3
962 1038 999 1096 et,
1010 1026 1085 1089 dum
1146 1027 1147 1078 ἶ

90 1115 206 1165 senatus
221 1104 331 1167 bellum
344 1117 443 1167 eontra
457 1108 614 1167 Caesarem
627 1106 751 1188 parabat,
770 1105 828 1178 liic,
840 1126 966 1167 raomm
977 1106 1084 1167 urbem

49 1238 62 1263 ,ι
91 1185 250 1263 ingressus,
264 1184 439 1247 dicmtorem⁴
451 1204 483 1247 se
496 1186 568 1247 iecit.
689 1185 692 1192 ‘
1010 1220 1013 1224 ·
1146 1243 1147 1254 ,

136 1267 178 1323 to.
203 1264 276 1323 Inde
289 1264 458 1343 Hispanias5
479 1266 553 1344 petit,
576 1264 674 1343 ibique
696 1264 981 1345 Pompejilegronss
999 1285 1086 1345 supe

92 1342 180 1421 rarit;
202 1353 264 1405 turn
278 1346 309 1403 in
324 1344 451 1406 Graecia
464 1344 619 1407 adversnm
633 1345 808 1424 Pompeium
816 1344 913 1427 ipsum
926 1343 1083 1405 dimicavit.
1146 1385 1147 1388 ,

93 1423 195 1483 Primo
209 1422 329 1501 proelio⁶
342 1424 434 1484 motus
448 1436 489 1483 est
504 1435 531 1487 et
544 1424 677 1503 fugatus5
698 1425 788 1485 evasit
799 1435 904 1494 tamen
917 1426 1086 1501 quiaarocte

92 1500 299 1562 interveniente
321 1502 480 1581 Pompejus
501 1506 585 1580 sequi
605 1501 713 1580 noluit3
743 1503 872 1580 dixitque
890 1504 1009 1573 Caesar,
1027 1523 1085 1563 nec
1146 1533 1147 1542 ¹

93 1579 270 1659 Pompejurn
281 1580 355 1640 scira
369 1582 494 1649 vincere,
517 1593 544 1641 et
565 1582 618 1643 illo
629 1592 741 1641 uncum
754 1582 802 1641 die
815 1602 847 1642 se
860 1582 987 1661 potuisse
1000 1602 1086 1673 supe

93 1660 160 1719 rari.
194 1658 307 1719 Deinde
317 1660 348 1719 in
360 1660 514 1721 Thessalia
527 1661 605 1740 apud
617 1660 806 1721 Pharsilunr⁷
819 1662 985 1739 ingentibus
993 1672 1085 1722 utrm·

92 1758 150 1816 qua
163 1738 254 1817 copiis
267 1738 427 1801 commissis
440 1738 657 1801 dimicaverunt
696 1740 858 1818 Nunquam
866 1739 961 1800 adhuc
975 1743 1086 1801 Roma·

92 1837 148 1879 uae
161 1816 262 1896 copiae
282 1816 412 1894 majores,
434 1836 529 1896 neque
549 1818 720 1881 melioribus
739 1819 862 1880 ducibus
883 1830 1085 1880 conuenerant.
1146 1875 1147 1880 ,

95 1899 265 1977 Pugnatum
286 1907 327 1957 est
348 1896 458 1977 ingenti
480 1900 668 1966 contentione,
680 1899 827 1975 vietusque
847 1898 886 1959 ad
905 1909 1088 1979 postremum

95 1976 261 2056 Pompejus‚
276 1986 302 2036 et
316 1986 408 2037 eastra
422 1979 484 2055 ejus
498 1977 609 2056 direpta
621 1988 695 2036 sunt.
738 1980 804 2056 lpse
824 1976 943 2056 fugatus
957 1978 1088 2039 Alexan-

95 2054 198 2116 driam⁸
219 2056 304 2135 petiit,
327 2066 358 2117 ut
381 2078 399 2115 a
421 2076 492 2136 rege
513 2056 663 2147 Aegypti,⁹
682 2056 732 2116 cui
751 2067 826 2117 tutor
846 2077 864 2114 a
878 2068 981 2117 senatu
1000 2055 1087 2115 ‹htus

94 2134 195 2201 iuerat,
208 2134 349 2213 acciperet
362 2136 479 2195 auxilia.
522 2138 562 2195 At
575 2134 624 2197 luc
637 2136 781 2195 fortunam
792 2135 896 2215 magis,
910 2155 999 2213 quarn
1011 2137 1086 2195 arni·

95 2212 200 2283 citiam,
221 2223 343 2283 secutus,
368 2214 471 2274 occidit
495 2215 677 2293 Pompeium,
699 2226 786 2293 caput
806 2215 870 2291 ejus
892 2225 919 2274 et
941 2214 1089 2275 annulum

98 2284 218 2351 Caesari
231 2290 315 2350 misit.
360 2294 429 2355 Quo
449 2304 608 2373 conspecto,
624 2294 733 2352 Caesar
741 2294 888 2373 lacrymas
895 2292 1004 2355 fudisse
1018 2293 1088 2355 dici-

95 2369 233 2443 tentanti
247 2370 302 2429 viri
316 2370 430 2431 intuens
442 2382 535 2451 caput,
550 2382 577 2433 et
591 2373 711 2448 generi¹⁰
722 2372 870 2449 quondam
881 2372 936 2432 sui

140 2454 182 2511 ll.
207 2452 310 2512 Quum
324 2448 360 2509 ad
374 2449 585 2510 Alexandriam
597 2451 720 2512 venisset
735 2452 851 2521 Caesar,
863 2450 1050 2513 Ptolemaeus
1059 2451 1089 2513 ei

97 2529 217 2591 insidias
230 2548 333 2609 parare
347 2529 451 2607 voluit;
483 2549 541 2607 qua
554 2530 590 2590 de
603 2550 692 2591 causa
705 2531 769 2608 regi
782 2530 893 2591 bellurn
906 2529 1022 2592 illatum
1034 2544 1086 2592 est.

97 2611 163 2671 Rex
176 2608 268 2669 victus
281 2610 312 2669 iu
327 2607 399 2669 Nilo
412 2610 503 2689 periit,
525 2609 732 2687 inventumque
752 2620 794 2668 est
814 2629 921 2689 corpus
941 2608 1004 2689 ejus
1018 2631 1089 2671 curu

98 2688 187 2750 lorica
208 2708 303 2749 aurea.
348 2688 455 2747 Caesar
478 2687 655 2748 Alexandria
675 2691 787 2768 potitus,
818 2709 943 2766 reguum
965 2690 1088 2770 Cleopa·

97 2770 176 2829 trae¹¹
192 2768 274 2829 dedit.
319 2768 399 2829 Tum
412 2766 477 2828 inde
511 2768 633 2829 refectus
647 2768 892 2847 Pompejanarum
905 2768 1033 2847 partium
1046 2789 1090 2829 re-

98 2847 204 2926 liquias
218 2858 258 2907 est
271 2859 468 2927 persequutus,
490 2789 631 2923 bellisque
643 2846 777 2907 civilibus
790 2858 847 2909 toto
859 2853 1003 2909 terrarum
1017 2849 1090 2909 orbe

99 2928 271 3006 compositis,
283 2928 410 2985 Romam
423 2926 512 2986 rediit.
550 2926 610 2987 Ubi
619 2946 712 3003 quum
720 2925 911 2987 insolentius¹²
922 2946 1012 3006 agere
1026 2949 1090 2988 coe·
1146 2993 1147 2996 Ἴ

89 3006 194 3087 uisset,
212 3001 393 3081 conjuratum
407 3015 447 3066 est
461 3008 492 3065 in
505 3026 573 3066 eum
587 3026 605 3064 a
618 3004 768 3081 sexaginta
780 3005 827 3065 rel
840 3005 968 3085 amplius
979 3018 1091 3067 senato-
1146 3015 1147 3024 ’

101 3087 189 3154 ribus,
211 3083 411 3161 equitibusque
432 3084 580 3154 Romanis.
624 3084 780 3163 Praecipni
793 3084 911 3146 suerum
927 3085 1002 3145 inter
1022 3106 1092 3147 con·

97 3165 207 3244 juratos
221 3164 309 3223 Bruti·
320 3162 405 3231 duo‚¹³
418 3184 453 3223 ex
468 3184 575 3241 genem
588 3163 668 3223 illius
682 3164 774 3232 Bruti
788 3165 846 3241 qui.
857 3164 976 3243 regibus
988 3186 1006 3224 e
1046 3165 1092 3224 ul-

195 3244 242 3309 sia
257 3243 368 3320 primus
383 3244 495 3302 Rornae
507 3242 609 3303 consul
622 3242 721 3313 luerat,
733 3244 766 3302 C.
777 3243 898 3303 Cassius
910 3254 938 3303 et
946 3243 1030 3305 Serri
1044 3246 1092 3303 'us

102 3301 181 3417 big·
197 3322 297 3381 Casan
339 3323 422 3401 Ergo
438 3321 554 3392 Caesar,
569 3340 660 3399 quum
673 3321 704 3381 in
717 3322 831 3383 curiam
842 3322 973 3393 venisset,
983 3322 1090 3401 viginti

166 3402 171 3413 '
195 3400 287 3459 tribus
300 3401 468 3461 vulneribus
481 3400 629 3461 confossus
643 3411 690 3459 est.

147 3483 188 3539 12.
214 3479 362 3540 Interfecto
377 3480 509 3548 Caesare,
531 3500 608 3540 anno
626 3480 717 3541 Urbis
738 3500 769 3539 se
801 3480 807 3493 '
830 3480 989 3557 genteairno
1001 3500 1091 3551 nono,

102 3556 179 3617 bella
192 3558 289 3617 civilia
303 3569 431 3636 reparata
444 3569 516 3619 sunt.
559 3561 681 3620 Senatus
702 3560 764 3619 iare
826 3560 960 3620 Caesaris
973 3578 1093 3640 percus·

103 3636 224 3706 sonibus,
259 3636 403 3697 Antonius
419 3637 498 3697 Cos.
536 3637 671 3699 Caesaris
704 3638 832 3717 partibus
864 3639 961 3699 eaba.
1002 3640 1092 3718 Ergo

81 3758 85 3765 .
105 3713 215 3773 turbata
228 3714 382 3796 republica,
391 3716 543 3787 Antonius,
552 3715 653 3777 multis
662 3717 820 3779 sceleribus
832 3716 1003 3788 comasio,
1016 3739 1037 3779 a
1046 3736 1094 3778 ss·
