2300 4059
410 146 692 191 aasraarrroaorr.
1000 128 1041 189 Β

53 278 147 343 duces
160 281 192 342 in
203 278 288 355 bello,
305 300 343 342 ex
354 280 411 344 lroc
424 295 549 345 rectores
570 286 602 345 iu
615 304 686 365 pace
699 284 822 347 habent'
852 284 953 345 Sermo
967 284 1040 345 inter

53 362 229 441 Scythicum
240 373 268 421 et
281 362 430 425 Medicum
437 364 550 423 medius
562 376 591 423 et
603 384 640 423 ex
652 363 780 443 atrimae
792 364 906 423 mixtus.
942 364 1039 423 Vestis

53 440 131 499 olim
142 441 190 499 sui
203 442 292 501 moris
300 442 318 519 5¹
337 452 521 519 posteaqrum
533 462 679 503 accessere
691 462 768 521 opes,
782 454 813 501 ut
828 441 930 510 Medis.
949 440 1041 520 pellu-

53 518 169 579 cida-ac
185 519 291 579 liuida*
329 519 501 581 Exercitum
521 541 587 590 non,
608 530 637 581 ut
657 521 733 582 alise
747 532 853 599 gentes,
874 519 1039 593 liberorum,

52 597 110 657 sed
122 598 262 675 majorem
273 609 383 676 partem
402 616 553 658 serrorum
570 600 681 661 habent
725 600 790 660 Hos
803 599 866 679 pari
887 620 921 660 ac
935 598 1040 660 liberos

52 695 127 735 suos
139 696 210 736 cura
220 677 331 747 habent,
339 689 367 737 et
379 677 507 760 equitare
519 696 553 737 ac
574 678 715 756 sagittare.
730 698 837 756 magna
846 677 985 737 industria
994 678 1041 738 do

51 767 128 815 cent
158 755 415 834 Locupletissimus
423 756 795 894 utquisquemtitaqlures
803 757 835 816 in
843 755 920 817 bello
930 757 1040 835 equites

53 836 123 911 regi
136 854 189 895 suo
202 835 326 913 praebet.
362 835 506 894 Cominus
518 836 549 894 in
561 835 624 894 acie
637 854 706 915 proe
718 836 779 905 iari,
793 847 843 895 sut
855 836 986 897 obsessas
996 856 1041 895 ex·

53 932 190 991 pugnare
198 913 283 973 urbes
290 913 429 973 nesciunt
459 915 597 991 Pugnant
605 925 700 975 autem
709 914 942 993 procurrentibus
950 916 1040 993 equis,

51 1004 106 1051 aut
124 1003 208 1070 terga
225 991 368 1070 dantibus;
389 1012 475 1083 saepe
489 992 575 1051 etiam
588 994 689 1071 iirgam
701 993 847 1062 simulant,
861 1004 891 1053 ut
905 993 1041 1053 incautio·

52 1089 103 1129 res
122 1070 262 1129 adversus
289 1070 411 1131 vulnera
439 1082 621 1149 insequentes
648 1072 808 1132 habeaut''
830 1071 891 1131 Diu
911 1092 1042 1165 pugnare

51 1158 217 1229 nequeunt3
238 1161 266 1210 et
285 1169 356 1209 sane
373 1148 545 1211 intolerandi
557 1151 656 1219 forent,
671 1150 704 1220 si,
718 1162 842 1230 quantus
855 1162 897 1210 est
910 1162 1041 1230 impetus,

52 1228 101 1287 vis
120 1240 198 1288 tanta
217 1240 246 1288 et
264 1230 476 1307 perseverantia
495 1241 576 1289 esset
620 1231 797 1307 Plerumque
817 1230 927 1309 inipso
940 1229 1043 1291 ardore

50 1307 222 1367 certaminis
245 1307 356 1386 proelia
375 1308 516 1399 deserunt,
537 1320 565 1367 et
585 1306 683 1399 paullo
696 1319 759 1387 post
778 1308 1044 1400 pugnamuexuiugp

52 1397 367 1527 meabili
378 1397 552 1525 ffitt
571 1386 1043 1545 ”tttttlttlttthlzt

52 1544 164 1604 loricae
183 1544 329 1623 plumatae
348 1555 422 1612 suut,
448 1562 523 1621 quae
542 1554 699 1623 utrumque
717 1555 774 1605 toto
794 1565 914 1625 corpore
933 1556 1041 1625 tegunt

52 1622 135 1683 Auri
147 1624 318 1701 argentique
330 1621 430 1683 nullus
444 1624 476 1683 in
488 1623 578 1683 muris
591 1642 670 1684 usus

272 1826 299 1883 a.
324 1822 520 1885 castaneo.
557 1784 769 1906 (ramam
784 1825 825 1902 e.)

94 1993 214 2055 Uxores
234 1990 344 2071 singuli
357 1991 455 2071 plures
468 1993 582 2066 habent,
603 1995 696 2073 iisque
713 2014 774 2055 non
787 1994 921 2055 convivia
932 2004 1044 2059 tantum

52 2073 194 2141 virorum,
203 2090 306 2131 verum
314 2073 401 2131 etiam
409 2084 594 2152 conspectum
602 2072 781 2133 interdicunt„
818 2074 916 2134 Carne
925 2074 1041 2135 nonnisi

52 2151 207 2211 venatibus
217 2152 347 2228 quaesita
355 2153 529 2211 vescuntur.⁴
548 2151 644 2229 Equis
654 2152 734 2212 omni
743 2164 871 2231 tempore
880 2159 1056 2235 vectanturq'

53 2228 127 2289 illis
139 2228 223 2299 bella,
234 2229 293 2288 illis
307 2230 445 2299 convivia,
455 2228 515 2289 illis
525 2232 641 2308 publica
653 2251 686 2289 ac
697 2230 806 2309 privata
816 2232 911 2291 officia
924 2232 1042 2311 obeunt3

50 2327 143 2386 super
157 2306 223 2367 illos
236 2310 288 2382 ire,
300 2309 462 2377 consistere
476 2310 607 2379 mercari,
616 2306 749 2387 colloqui.
781 2312 848 2371 Hoc
857 2310 980 2388 denique
989 2309 1045 2370 die-

50 2388 167 2447 crimen
181 2387 255 2447 iuter
274 2406 373 2446 servos
386 2388 548 2465 liberosque
561 2398 611 2457 est,
624 2387 702 2466 quod
720 2389 797 2448 servi
817 2388 944 2468 pedibus,
959 2388 1044 2449 liberi

51 2466 171 2525 nonnisi
186 2464 267 2543 equis
281 2465 422 2525 incedunt
465 2465 620 2544 Sepultura
645 2466 734 2545 vulgo
756 2479 805 2527 aut
824 2469 924 2528 arium
936 2478 986 2528 aut
999 2488 1044 2528 ca-

51 2565 128 2604 num
140 2544 265 2603 laniatus
278 2554 326 2603 est
369 2542 460 2603 Nuda
472 2544 590 2605 demum
603 2564 670 2605 ossa
681 2557 757 2605 terra
774 2547 905 2607 obruunt.
949 2548 984 2607 In
997 2566 1044 2607 su·

52 2624 279 2716 perstitiouibus‘
300 2625 457 2701 praecipua
475 2625 612 2685 amnibus
633 2626 778 2685 veneratio
795 2638 844 2685 est
888 2626 1044 2689 Caeterum

53 2704 176 2779 ingenia
209 2701 267 2761 euti
279 2702 397 2770 tumida,
409 2700 551 2771 seditiosa,
570 2702 759 2772 fraudulenta,
773 2704 919 2782 procacia;
940 2715 1044 2765 natura

51 2782 133 2841 taciti
140 2782 159 2859 3²
172 2722 209 2839 ad
222 2778 392 2850 faciendum,
411 2800 499 2859 quam
511 2780 550 2841 ad
562 2780 725 2853 dicendum,
760 2783 916 2843 romtiores.
960 2782 1044 2857 Prin·

52 2860 169 2939 cipibus
182 2871 268 2928 metu,
282 2879 340 2918 non
355 2857 473 2939 pudore⁸
485 2870 591 2939 parent.
634 2858 723 2921 Fides
740 2802 823 2921 dictis
836 2860 1043 2941 promissisque

52 2940 145 3010 nulla,
159 2937 217 2998 nisi
230 2949 371 3016 quatenus
385 2938 505 3019 expedit
527 2952 530 2955 ’

53 3140 80 3197 d
103 3137 231 3197 Arsaces
242 3133 419 3195 Porthmia
432 3134 594 3226 libertatem
607 3134 746 3197 vindieat.
776 3135 891 3219 (Justin.
903 3136 986 3197 XLI.
1002 3136 1043 3217 4.)

94 3294 167 3354 Post
180 3302 303 3351 mortem
311 3288 474 3351 Alexandri
488 3293 595 3370 Magni
603 3312 694 3371 quum
704 3293 778 3354 inter
791 3312 972 3353 successores
981 3294 1043 3372 ejus

52 3372 183 3434 Orientis
197 3390 288 3449 regna
309 3367 510 3441 dividerentur,
525 3372 651 3451 primum
674 3372 820 3431 Stasanori
840 3372 956 3432 cuidam
976 3382 1044 3447 sunt
1067 3404 1075 3419 ι

50 3451 156 3519 traditi,
177 3468 268 3527 quum
288 3448 389 3507 nullus
410 3450 605 3511 Macedonum
622 3450 796 3509 Parthorum
813 3450 968 3528 imperium
982 3448 1044 3529 dig·

50 3541 173 3593 notetur
194 3529 332 3606 accipere
384 3530 488 3589 Postea
508 3528 632 3589 diductis
652 3529 860 3589 Macedonibus
881 3529 913 3587 in
932 3528 1044 3589 bellum

50 3608 148 3677 civile,
170 3606 244 3667 alios
263 3616 328 3685 post
347 3604 422 3666 alios
441 3606 569 3668 habuere
586 3606 724 3667 dominos.
768 3606 901 3666 Tandem
916 3610 1044 3668 Arsaces

50 3690 98 3750 vir
119 3689 245 3747 incertae
262 3684 386 3762 originis
406 3686 457 3746 sed
476 3706 602 3765 magnae
621 3684 741 3753 virtutis,
753 3684 894 3753 Seleuco,⁹
907 3685 944 3744 ad
956 3702 1044 3763 quem

51 3767 234 3831 Parthorum
253 3763 379 3845 populus
391 3784 443 3844 per
456 3765 579 3845 aliquod
586 3776 701 3843 tempus
712 3762 895 3843 pertinuerat,
909 3784 928 3823 a
943 3762 1040 3825 Gallie
