2300 4059
125 96 169 157 tr
420 109 621 155 ucanorrurr
636 109 808 153 aurearum

123 248 172 309 dia
185 246 351 313 Alexander
364 248 498 326 epistolas
510 248 542 307 in
550 248 713 307 ‘Graeciam
725 249 882 325 scripserat,
893 243 1000 325 quibus
1012 248 1091 309 omni·

122 347 174 388 um
195 328 340 387 civitatum
359 326 474 385 exsulas
494 328 738 389 restituebantur·
770 330 854 389 Quae
874 328 986 387 litterae
1005 330 1092 388 recita·

121 416 167 466 tae
180 418 327 485 praesente
341 406 473 465 universa
488 407 619 473 Graecia,
635 406 665 465 in
678 418 806 465 mercatu
820 407 1008 484 Olympiaco,¹
1022 426 1092 484 mag·
1139 418 1140 475 t

122 504 176 545 nos
195 498 290 544 monia
309 487 511 559 excitaverunt,
530 483 606 561 quod
626 484 744 561 plurimi
762 505 822 543 non
841 484 963 561 legibus,
981 484 1031 543 sed
1048 504 1092 563 per
1139 510 1140 513 ¹

123 564 274 625 factiorm
293 563 456 641 pr'mcipum
476 564 554 640 pulsi
573 563 683 621 fueraut
703 562 903 641 principesque
923 564 1090 634 verebantur,

123 661 161 701 ne
179 642 303 701 revocati
322 642 491 719 potentiores
510 641 707 719 inaepabh'ca
728 641 833 701 fierent
888 641 992 699 Palam
1013 642 1093 718 igitur

126 721 182 781 'am
194 732 255 779 tum
268 720 376 779 mtrltae
389 721 516 779 civitates
530 721 687 779 libertatem
699 719 776 779 bello
789 719 990 794 vindicandam
1003 721 1094 779 sterne

177 800 209 856 t²
248 798 398 875 Principes
417 810 513 865 tamen
531 798 662 857 omniurn
676 800 867 859 Athenienses
880 798 1025 857 et'Aetoli
1044 799 1094 857 fue

122 890 196 935 runt
237 876 322 936 Bello
335 878 424 953 igitur
434 888 540 944 exorta
555 876 713 953 Antipater‚'
726 877 775 936 cui
794 878 919 935 Graecia
931 888 1007 935 sorte
1020 878 1095 937 obre·

122 966 210 1023 uerat,
225 957 384 1015 leonaturn
398 976 434 1013 ex
443 955 517 1013 Asia
530 954 712 1014 inauxilium
725 956 842 1014 vocavit
871 956 948 1017 -Qui
956 973 1047 1031 quum
1056 976 1095 1013 ve·
1139 964 1140 979 ³

122 1034 187 1093 nire
205 1053 273 1091 cnm
285 1033 413 1093 exercitu
431 1034 579 1091 nuntiatus
590 1044 670 1103 esset,
684 1034 761 1093 obvii
781 1034 809 1091 ei
829 1033 1023 1093 Athenienses
1035 1053 1096 1093 cum

122 1112 267 1171 instructis
280 1112 371 1188 copiis
390 1112 478 1180 luere,
498 1112 595 1187 ibique
608 1112 731 1188 equestri
749 1112 864 1188 proelio,
879 1113 962 1187 gravi
982 1110 1096 1173 vnlnere

122 1189 204 1258 ictus,
217 1190 415 1265 exstinguitur.
457 1189 513 1248 Sed
528 1192 684 1267 Antipater.
699 1190 825 1249 exercitu
837 1189 969 1248 exstincti
982 1202 1096 1267 recepto,

122 1287 215 1345 quum
233 1286 285 1345 par
304 1267 433 1327 hostibus
446 1268 532 1326 mmm
545 1268 657 1345 proelio
668 1268 818 1337 videretur,
827 1268 936 1329 solutus
946 1267 1095 1337 obsidione

121 1364 181 1423 qua
192 1347 303 1404 cinctus
316 1347 407 1405 fuerat
428 1346 566 1413 lamiae⁸
578 1348 609 1405 in
623 1346 823 1408 Macedoniam
835 1346 991 1422 concessit;
1013 1347 1096 1405 Grae

122 1444 223 1483 corum
235 1441 351 1501 qnoque
362 1424 470 1501 copiae,
483 1425 589 1484 lirribus
604 1425 747 1485 Graeciae
766 1424 847 1483 hoste
856 1422 996 1501 depulso,
1010 1424 1043 1483 in
1055 1444 1096 1485 ar

58 1506 70 1511 '
121 1501 398 1579 boanpnerunt
880 1548 882 1551 -

153 1660 201 1719 43·
223 1658 397 1718 &natae
408 1660 488 1721 ieter
499 1623 770 1815 midliffl
811 1659 926 1741 (lustin
941 1658 1032 1719 XIII.
1046 1664 1071 1719 6.

19 1923 29 1945 s
163 1894 234 1954 Post
253 1891 326 1953 haec
344 1892 455 1953 bellum
473 1891 547 1951 inter
566 1892 738 1953 Perdiccam
754 1902 781 1953 et
802 1892 985 1969 Antigonum
1004 1893 1100 1965 oritur,

121 1972 208 2108 m
231 1973 311 2033 relat
329 1969 505 2040 incendium.
523 1988 597 2031 moa
613 1970 698 2031 latius
718 1972 827 2049 serpsit
870 1971 1051 2039 Macedoma,
1072 1973 1099 2031 in

216 2062 311 2127 partes
330 2049 565 2108 discurrentibus
578 2048 706 2117 ducibus,
720 2050 751 2107 in
771 2069 825 2107 sua
837 2047 946 2107 viscera
966 2060 1101 2119 armatur.
1139 2098 1140 2115 ,

122 2126 318 2205 lermmquea
330 2127 458 2187 barbaris
478 2126 642 2185 incivilem
662 2126 845 2203 sanguinem⁵
857 2126 946 2185 vernt
991 2128 1027 2186 ln
1049 2127 1102 2185 hoc

121 2204 199 2275 bello
220 2205 375 2265 Perdiccas
394 2206 507 2264 oecisus
519 2215 580 2287 estq
598 2205 753 2281 pluresque
766 2203 894 2280 ejusdcm
913 2204 1002 2281 partis
1016 2204 1102 2265 duces

122 2284 276 2361 perierunt
318 2284 358 2343 Et
374 2283 436 2359 jam
449 2282 563 2341 finitum
575 2293 719 2343 certamen
731 2283 806 2342 inter
818 2302 1002 2341 successores
1016 2284 1103 2345 Alex·

68 2373 71 2380 '
122 2361 207 2423 andri
220 2360 491 2437 Magnividebaur,
504 2380 596 2437 quum
609 2372 723 2439 repente
736 2360 809 2419 inter
822 2362 898 2437 ipsos
907 2360 1032 2420 victores
1041 2373 1103 2422 nata
1139 2362 1140 2435 l

23 2431 32 2458 ³
122 2449 166 2497 est
191 2438 340 2497 discordia
366 2424 581 2501 'Ptolemaeus‘
600 2449 627 2497 et
656 2438 825 2508 Cassander,
846 2440 992 2517 Antipatri
1018 2440 1102 2509 filius.
1139 2444 1140 2499 ζ

122 2515 275 2578 initurum
296 2516 472 2595 Lysimacho
485 2517 643 2591 etSeleuco
656 2519 800 2584 societate..
809 2529 907 2576 contra
920 2520 1103 2595 Antigonum
1139 2536 1140 2559 t

121 2594 232 2655 bellum
250 2605 327 2655 terra
338 2594 469 2671 marique
488 2594 573 2653 enixe
586 2596 734 2655 instruunt
777 2596 904 2655 Tenebat
919 2597 1103 2657 Ptolemaeus
1139 2584 1140 2665 l

123 2674 293 2751 aegyptum
311 2693 379 2733 cum
400 2673 518 2733 Africae
568 2683 609 2731 rte
619 2674 773 2733 minoreet
783 2674 881 2751 Cypro
899 2685 926 2733 et
945 2675 1103 2734 Phoenice.

124 2752 288 2811 Cassandro
307 2751 423 2829 parebat
443 2752 495 2811 Ma
547 2750 614 2811 onia
627 2752 695 2811 cuin
709 2753 840 2811 Graecia
882 2752 988 2811 Asiam
1001 2765 1031 2813 et
1045 2773 1105 2831 par·

121 2840 164 2891 tra
179 2831 304 2889 Orientis
324 2840 512 2907 occupaverat
530 2829 807 2907 Antigonuscujus
828 2830 905 2889 filius
928 2830 1105 2899 Demetrius,

121 2907 217 2985 prima
228 2906 298 2967 belli
310 2908 521 2984 congressione,
535 2927 554 2964 a
567 2907 732 2967 Ptolemaeo
746 2907 822 2986 apud
837 2908 1004 2969 Gamalam'
1017 2909 1106 2970 vinci·

121 2996 175 3043 tur.
218 2986 254 3044 In
273 3005 330 3062 quo
350 2986 461 3063 proelio
485 2986 576 3061 major
598 2986 979 3047 Ptolemaeivmoderationis
1000 2987 1105 3065 gloria

122 3081 211 3139 quam
230 3064 321 3140 ipsius
341 3064 476 3143 victoriae
495 3064 554 3123 fuit
605 3062 753 3141 Siquidem
774 3075 801 3123 et
821 3065 930 3123 amicos
960 3065 1106 3125 Demetrii

121 3159 181 3199 non
194 3140 288 3201 solum
302 3143 439 3201 cumsuis
453 3143 545 3210 rebus,
555 3162 656 3201 verum
671 3132 757 3203 etr'arii
766 3140 867 3203 additis
876 3144 1106 3221 insupermune·
1139 3194 1140 3211 2

122 3219 209 3288 ribus,
224 3217 345 3295 dimisit3
367 3230 394 3277 et
413 3220 504 3296 ipsius
520 3220 659 3279 Demetrii
676 3220 818 3297 privatum
832 3240 917 3279 omne
930 3222 1107 3281 instrumen-

121 3298 194 3355 tum·
206 3317 241 3357 ac
262 3298 420 3357 familiam¹⁰
432 3297 561 3367 reddidit,
575 3298 688 3375 dicens;
709 3316 766 3359 non
780 3318 812 3359 se
834 3310 947 3377 propter
956 3300 1105 3377 praedam.

121 3374 174 3434 sed
186 3383 300 3453 propter
313 3375 479 3452 dignitatem
491 3377 579 3436 inisse
598 3377 714 3446 bellum,
729 3377 917 3453 indignatum.
929 3378 1009 3455 quod
1025 3380 1106 3439 Anti-

58 3462 62 3465 ’
122 3471 225 3527 gentis,
247 3454 363 3512 devictis
391 3454 520 3512 diversae
538 3454 668 3514 factionis
689 3455 817 3527 ducibus,
838 3454 918 3515 solus
938 3458 1106 3517 communis

122 3529 258 3589 victoriae
269 3532 397 3609 praemia
409 3532 599 3609 corripuisset
721 3537 745 3563 ·”
