2300 4059
984 8 1057 82 U

430 50 467 113 V.
497 66 611 111 sosas
626 68 775 114 nrsrosr.

33 262 58 285 „
148 212 175 269 6.
197 206 344 277 Amulius,
378 219 535 300 tregnum
557 208 723 269 firmissime
744 209 907 288 possideret,
930 208 1111 281 Numitoris,

109 286 204 347 filium
227 307 279 367 per
299 289 356 349 insi
387 308 419 347 as
442 288 591 357 interemit,
613 300 640 347 et
653 290 744 349 titiam
757 290 860 359 fratris,
882 289 998 351 Rhsarn
1011 294 1093 353 Silri·

108 386 165 436 am,
182 367 328 427 Vestalem
341 366 487 444 virginem
500 368 571 426 fecit
616 370 696 427 Nam
709 368 756 427 his
770 369 878 428 Vestae
890 370 1091 431 sacerdotibusl

109 466 168 507 non
189 446 255 506 licet
277 447 339 505 viro
361 447 489 507 nubere.²
528 446 586 505 Sed
606 446 679 507 haec
698 467 717 505 a
737 449 834 507 Marte
856 449 989 525 geminos
1009 450 1091 522 filios,

110 526 271 587 Romulum
285 534 312 584 et
326 526 461 594 Remum,
483 526 600 605 peperit.
643 526 710 587 Hor
723 544 815 603 quum
832 529 971 589 Amulius
983 549 1092 608 compe-

109 605 200 744 rpjssct,
224 616 344 663 matrem
366 605 397 663 in
411 605 527 664 vincula
540 605 668 683 conjecit,
690 625 797 684 pueros
808 619 904 666 autem
918 607 949 666 in
963 608 1093 669 Tiberim

109 704 128 743 a
149 684 193 743 'ici
209 684 297 743 'ussit

142 706 176 822 Ji.
200 706 288 835 i'orts
303 762 419 823 Tssreris
442 782 517 841 aqua
530 762 606 823 ultra
627 762 732 841 ripam'
751 782 785 823 sc
805 763 951 833 effuderat
964 775 991 825 et
1004 783 1093 842 quum

109 842 193 921 pueri
207 842 238 901 in
252 842 324 902 vado
339 856 432 902 essent
446 842 537 921 positi,
552 862 628 919 aqua
641 843 826 902 refluenseos
839 844 871 901 in
880 844 957 904 sicco
971 844 1091 982 relitpuit

110 922 160 981 Ad
174 942 277 981 eorum
290 932 420 999 vagitum
441 923 511 999 lupa
523 922 655 991 accurrit,
668 941 774 999 eosque
790 923 927 982 uberibus
939 923 1001 983 suis
1013 944 1032 982 a
1043 925 1091 986 uit

112 1000 200 1065 Quod
213 1000 314 1059 videns
329 1001 487 1061 Faustulus
500 1000 631 1078 quidam,
640 1012 737 1079 pastor
749 1000 829 1061 illius
839 1021 871 1060 re
895 1002 975 1072 orris,
988 1015 1093 1080 pueros

109 1080 231 1149 sustulit,
240 1092 267 1139 ct
280 1081 365 1141 uxori
379 1084 477 1141 Accae
486 1050 667 1140 laurentiae
678 1080 856 1145 nutriendos⁴
887 1080 952 1139 edit

149 1162 175 1219 8.
198 1160 244 1220 sic
260 1160 406 1221 Romulus
419 1170 446 1218 et
460 1160 572 1218 Remus
594 1160 748 1238 pueritiam
761 1160 836 1217 inter
848 1170 976 1237 pastores
988 1170 1093 1220 transe-

108 1250 220 1317 gerunt
264 1242 366 1302 Quum
379 1238 576 1307 adolevissent,
591 1250 618 1296 et
630 1240 701 1298 forte
717 1238 929 1316 comperissent,
943 1236 1008 1315 quis
1021 1238 1094 1315 ipso

204 1338 269 1377 rum
283 1338 362 1387 avus,
386 1337 460 1396 quae
481 1329 572 1377 mater
585 1317 692 1386 fuisset,
716 1315 871 1376 Amulium
884 1317 1092 1388 intersecenrnt,

108 1388 168 1433 ⁸⁰⁸0
202 1409 229 1456 et
245 1398 393 1457 Numitori
406 1416 460 1456 avo
470 1414 595 1475 regnum
609 1397 910 1480 restituerunt.†'lum
918 1396 1021 1455 urbem
1027 1416 1094 1455 con·

107 1445 172 1559 ἓξ
201 1475 333 1535 diderunt
347 1477 378 1535 in
398 1487 494 1535 monte
508 1476 662 1544 Aventino,
676 1494 763 1553 quarn
781 1476 927 1535 Romulus
940 1495 960 1533 a
977 1494 1032 1534 suo
1044 1494 1096 1537 no·

201 1554 280 1613 mine
294 1556 421 1614 Romam
434 1556 552 1614 vocavit.
596 1557 680 1623 Haec
694 1574 786 1631 quum
807 1554 958 1614 moenibus
972 1555 1095 1613 circum·

107 1631 366 1773 daretulr,b{temus
389 1634 502 1693 occisus
525 1643 575 1703 est,
600 1632 671 1693 dum
690 1634 807 1693 statrcm
829 1626 954 1693 irridens
976 1632 1095 1693 moenia

106 1713 196 1771 transi
209 1713 236 1771 ie
272 1724 289 1772 t

133 1794 173 1853 .9.
195 1792 348 1862 Romulus,
371 1803 402 1851 ut
425 1792 533 1852 civium
553 1810 709 1851 numerum
729 1802 856 1871 augeret,
877 1787 1005 1863 asylum
1018 1803 1097 1871 pste-

106 1868 178 1941 secit,
199 1872 236 1931 ad
256 1872 332 1950 quod
353 1870 437 1931 multi
458 1891 495 1930 ex
520 1872 682 1930 civitatibus
703 1874 765 1931 suis
790 1872 877 1949 pulsi⁶
896 1884 1093 1933 accurrerunt

106 1950 163 2009 Sed
181 1952 375 2013 'novae‘urbis
395 1950 506 2010 civibus
527 1952 666 2029 conjuges
689 1949 812 2008 deerant.
854 1950 976 2022 Festum
996 1949 1109 2027 itaque⁴

107 2022 238 2107 Neptuni
252 2043 278 2089 et
288 2030 376 2091 ludos
390 2030 517 2089 instituit.
559 2032 587 2089 Α
630 2029 684 2087 hos
697 2047 787 2106 quum
808 2028 893 2089 multi
911 2045 948 2087 ex
961 2028 1096 2090 finitimis

104 2106 220 2197 populis
241 2129 308 2168 cum
329 2109 502 2171 mulieribus
523 2118 550 2168 et
570 2108 593 2167 lr
629 2108 670 2167 ris
691 2108 843 2178 venissent,
866 2108 1000 2180 Romani,
1016 2108 1096 2170 inter

105 2194 183 2265 rp'sos
198 2186 288 2256 ludos
303 2198 461 2266 spectantes
474 2188 605 2265 virgines
618 2198 781 2265 rapuerunt.

149 2269 191 2325 10.
215 2267 321 2344 Populi
343 2266 394 2335 illi,
408 2286 533 2343 quorum
553 2266 681 2343 virgines
704 2278 802 2346 raptae
818 2276 906 2334 erant,
919 2264 1032 2325 bellurn
1045 2263 1096 2327 ad·
1133 2295 1134 2304 ¹

105 2362 206 2405 uersus
228 2346 354 2423 raptores
375 2356 570 2423 susceperunt.
614 2348 716 2408 Quum
743 2347 857 2405 Romae
881 2344 1096 2422 appropinqua·
1132 2377 1133 2414 t

105 2435 175 2493 rent,
190 2424 260 2483 sorte
274 2426 305 2483 in
320 2426 476 2503 Tarpejam
490 2425 635 2501 virginem
648 2424 818 2493 inciderunt,
826 2443 901 2501 quae
913 2422 946 2481 in
956 2424 1036 2495 aros?
1049 2442 1098 2485 sa·
1131 2453 1132 2516 p

103 2520 155 2562 cra
167 2504 343 2581 procurabat.
387 2506 474 2564 Hanc
487 2505 635 2580 rogabant,
649 2515 680 2561 ut
692 2504 771 2562 viam
791 2504 822 2561 in
834 2520 932 2577 arcem
952 2512 1097 2563 monstra·

105 2592 154 2652 ret,
169 2583 253 2663 eique
274 2582 465 2662 permiserunt
478 2594 509 2641 ut
522 2602 631 2641 munus
643 2583 699 2643 sibi
711 2593 847 2660 posceret.
870 2654 873 2657 ⁴
890 2580 945 2641 Illa
957 2582 1048 2659 petiit,
1063 2593 1098 2642 ut
1129 2537 1132 2622 i

104 2657 160 2723 sibi
174 2662 279 2733 darent,
301 2661 377 2741 quod
397 2662 427 2720 in
441 2661 565 2721 sinistris
586 2662 720 2720 manibus
742 2671 882 2739 gererent,
896 2661 1024 2721 annulos
1042 2680 1097 2720 au·

104 2744 170 2801 reos
184 2753 211 2801 et
231 2742 358 2801 armillas
379 2742 555 2819 significans.
599 2744 639 2800 At
659 2740 761 2809 hostes,
775 2741 807 2799 in
820 2758 917 2798 arcem
930 2739 1017 2798 absa
1028 2758 1098 2817 per·

104 2818 189 2889 ducti,
211 2822 299 2881 scutis
320 2822 476 2901 Tarpejam
496 2820 667 2899 obruerunt3
687 2839 757 2880 narn
777 2830 805 2879 et
823 2818 896 2878 haec
915 2818 947 2877 in
964 2817 1098 2879 sinistris

66 2952 70 2962 .
103 2900 237 2959 manibus
254 2900 396 2977 gerebant.
593 2925 595 2932 ·

148 2983 189 3037 ll.
213 2979 292 3037 Tum
306 2977 451 3037 Romulus
463 2997 530 3037 cum
543 2978 633 3048 hoste,
641 2980 692 3057 qui
706 2988 832 3038 montem
841 2977 1001 3055 Tarpeium
1014 2986 1099 3037 tens·

103 3056 156 3125 bat,
171 3076 300 3135 pugnam
314 3059 457 3117 conseruit
470 3059 501 3117 in
515 3078 549 3116 co
562 3058 634 3127 loco,
649 3058 699 3117 ubi
719 3076 796 3117 nunc
810 3058 905 3116 sorum
918 3057 1099 3116 Romanum

103 3146 152 3195 est
196 3136 231 3195 ln
240 3135 335 3196 media
348 3134 434 3195 caede
448 3148 545 3214 raptae
558 3149 765 3215 processerunt,
779 3147 806 3196 et
820 3136 888 3195 hinc
901 3146 1005 3213 patres,
1020 3130 1100 3194 hinc

95 3214 242 3292 conjuges
261 3226 288 3273 et
308 3234 423 3275 soceros
441 3216 701 3295 complectebantur
720 3227 748 3275 et
770 3216 915 3293 rogabant,
937 3223 969 3273 ut
989 3212 1100 3274 caedis

103 3294 191 3353 linem
205 3294 336 3353 facerent.
377 3295 502 3373 Utrique
515 3295 562 3354 his
577 3296 711 3373 precibus
725 3294 859 3355 commoti
872 3302 947 3353 sunt
977 3292 1101 3353 Romu-

103 3372 150 3445 lus
163 3372 262 3433 foedus
276 3372 332 3443 icit,
347 3384 373 3434 et
387 3376 509 3435 Sabinos
524 3376 554 3435 in
569 3375 670 3434 urbem
684 3375 809 3452 recepit.⁸

146 3458 188 3511 ts.
213 3454 316 3511 Postea
337 3452 479 3512 civitatem
501 3454 593 3513 deseri
629 3454 656 3513 it
700 3455 825 3515 Centum
847 3460 992 3511 senatores
1010 3448 1023 3510 l
1070 3452 1102 3523 ·t,

102 3548 236 3613 eosquec
259 3550 288 3588 m
302 3530 338 3590 ob
351 3542 478 3598 aetatem,
492 3542 553 3613 turn
575 3474 813 3593 obsteverentiem
835 3532 873 3591 iis
886 3529 1022 3599 debitam,
1069 3550 1105 3589 a·

102 3616 160 3665 tres
173 3627 210 3687 ap
286 3603 331 3669 iit
374 3609 494 3669 Plebem
515 3608 547 3669 in
567 3611 685 3688 triginta
703 3611 800 3670 curias
816 3608 966 3679 distribuit
980 3628 1082 3689 essqu
