2300 4059
111 66 168 129 106
458 42 564 127 carun
579 80 761 129 sronunnrt.

68 257 70 260 ·
106 223 208 301 quanti
221 222 348 305 Pythius
360 221 459 293 voluit,
472 235 501 283 et
513 219 581 284 emit
594 224 763 304 instructos;
784 224 905 285 nomiae
917 224 992 299 t'acit,
1004 246 1083 307 nego-

103 304 179 363 tium
191 302 313 364 conficit.
357 303 461 362 Invitat
475 304 588 363 Canius
596 304 735 382 postridie
741 305 898 367 familiares
907 324 993 365 suos:
1015 308 1083 381 renit

104 381 168 459 Ipse
188 393 314 442 mature:
337 382 480 443 scalmum
499 382 618 445 nullum
632 384 715 443 videt.
761 384 882 448 Quaerit
903 404 941 444 ex
961 386 1083 463 proximo

104 461 208 529 ricino,
222 480 294 522 num
306 461 395 520 seriae
407 462 551 539 quaedam
564 462 739 542 piscatorum
753 474 854 533 essent,
868 462 948 541 quod
967 484 1016 525 eos
1028 464 1084 525 nul·

105 537 150 600 los
163 540 291 601 videretl
333 542 451 613 Nullae,
466 544 540 619 quod
553 544 650 613 sciam,
665 542 758 621 inquit
771 542 836 621 ille;
858 546 907 602 scd
919 544 969 603 hic
979 544 1085 621 piscari

105 620 184 680 ualli
192 623 288 680 solem.
311 620 415 696 Itaque
425 621 488 681 deri
498 622 639 690 mirabor,
648 622 719 697 qaid
729 624 888 682 occidisset.
927 624 1086 684 Stomacha-

104 699 131 758 ri
146 699 265 758 Canius
296 699 354 759 Sed
367 699 438 776 quid
451 700 577 759 haeret?
598 700 729 759 nondum
741 701 825 761 enim.
834 700 986 781 Aquillius
999 714 1087 783 protn-

104 774 177 839 leret
189 779 299 838 dedolo
312 780 389 838 oculo
402 778 550 838 formulas.
592 779 661 861 (Off
678 780 735 863 III,
755 781 812 859 14.)

256 936 360 999 XVII
381 936 559 1015 Drangai
578 938 778 1001 Themistoclis
790 940 935 1001 memoria

143 1095 250 1155 Fertur
262 1095 427 1157 incredibili
439 1095 564 1175 quadam
575 1096 777 1174 magnitudine
790 1096 905 1157 consilii
918 1100 1089 1177 atqueinge

101 1174 147 1235 nii
166 1176 354 1235 Atheniensis
374 1176 427 1237 ille
445 1176 536 1235 fuisse
557 1176 785 1237 Themistocles:
808 1176 844 1235 ad
864 1196 954 1255 quem
974 1178 1089 1256 quidam

101 1252 202 1313 doctus
215 1255 403 1332 horreaque
416 1254 559 1333 imprimis
567 1256 697 1317 eruditus
709 1256 865 1317 accessisse
879 1256 992 1327 dicitur,
1007 1259 1090 1337 eique

102 1344 195 1393 artem
214 1336 380 1405 memoriae,
404 1354 479 1412 quae
498 1346 561 1393 tum
581 1335 709 1411 primum
728 1336 930 1413 proferebatur,
945 1336 1090 1414 pollicitus

101 1432 165 1473 esse
178 1432 211 1473 se
229 1414 409 1474 traditurum
454 1418 557 1478 Quum
578 1413 630 1473 ille
649 1415 815 1491 quaesisset,
830 1415 970 1493 quidnam
984 1415 1089 1477 illaars

100 1493 216 1553 efficere
229 1494 345 1571 possetl
364 1492 473 1551 dixisse
485 1492 571 1552 illum
585 1494 737 1564 doctorem,
745 1504 777 1553 ut
787 1494 885 1553 omnia
894 1496 1085 1572 meminisset;

100 1582 129 1631 et
142 1572 170 1631 ei
192 1572 419 1632 Themistoclem
439 1572 631 1650 respondisse,
653 1574 763 1650 gratius
783 1572 838 1633 sihi
858 1572 945 1632 illum
959 1594 1023 1634 esse
1036 1576 1089 1635 fac·

99 1659 206 1721 turum,
220 1652 246 1709 si
259 1671 292 1709 se
312 1650 451 1719 oblivisci,
465 1670 541 1727 quae
560 1651 655 1721 vellet,
668 1652 794 1728 quamsi
814 1653 991 1722 meminisse,
1006 1653 1089 1715 docu-

99 1730 175 1791 isset.
216 1730 354 1800 Videsne,
367 1749 442 1808 qnae
461 1731 506 1789 vis
528 1732 560 1789 in
581 1731 699 1791 homine
718 1731 853 1793 acerrimi
866 1732 987 1808 ingenii,
1002 1752 1092 1811 qnam

98 1819 201 1889 potens
214 1821 361 1888 etquanta
373 1829 457 1871 mens
477 1810 582 1869 fueriti
604 1810 655 1888 qui
675 1810 714 1869 ita
734 1809 918 1887 responderit,
933 1822 965 1870 ut
985 1812 1092 1872 intelli·

99 1908 171 1967 gere
183 1909 341 1968 possemus,
356 1888 432 1947 nihil
445 1910 482 1947 ex
503 1886 584 1948 illins
597 1889 704 1958 animo,
719 1888 796 1967 quod
816 1889 912 1949 semel
921 1902 994 1950 esset
1017 1890 1092 1951 infir·

98 1986 173 2038 sum
187 1988 316 2047 unquam
337 1969 456 2028 effluere
468 1968 612 2046 potuisse:
633 1970 725 2046 quum
737 1968 856 2045 quidem
865 1969 893 2028 ei
913 1970 998 2027 hierit
1012 1982 1092 2049 opta-

97 2047 194 2118 bilius,
208 2048 340 2107 oblivisci
361 2068 446 2125 posse
464 2047 566 2125 potius,
585 2046 663 2125 quod
683 2047 851 2109 meminisse
870 2046 969 2117 nollet,
989 2067 1092 2127 quam,

97 2128 176 2285 quqd
201 2126 292 2190 semel
311 2126 438 2187 audisset
457 2126 610 2187 vidissetve
630 2126 803 2189 meminisse.
859 2128 921 2210 (De
942 2128 1024 2191 Orat
1049 2129 1090 2189 II.

230 2368 350 2427 XVIII.
372 2369 513 2428 Inventor
524 2369 600 2429 ortis
614 2368 766 2439 memoriae
776 2368 946 2429 Simonides,

137 2524 270 2585 Gratiam
284 2524 375 2585 habeo
390 2524 530 2585 Simonidi
543 2524 589 2585 illi
605 2525 684 2596 Ceio,
693 2544 780 2603 quem
794 2525 925 2604 primum
937 2526 1042 2588 ferunt
1050 2548 1093 2587 ar·

93 2613 153 2664 tem
180 2606 338 2665 memoriae
367 2605 527 2683 protulisse.
582 2605 690 2665 Dicunt
719 2605 804 2674 enim,
828 2624 920 2682 quum
950 2619 1092 2667 coenaret

96 2683 254 2745 Crannone
266 2686 297 2745 in
310 2684 467 2746 Thessalia
485 2684 649 2745 Simonides
669 2684 745 2761 apud
759 2687 890 2763 Scopam,
905 2685 1093 2746 fortunatum

94 2760 244 2825 hominem
256 2777 284 2825 et
296 2766 431 2834 nobilem,
452 2766 660 2841 cecinissetque
680 2764 709 2823 id
729 2783 853 2835 cannen,
874 2764 953 2841 quod
970 2765 1005 2825 iu
1022 2785 1096 2827 enm

94 2843 260 2922 scripsisset,
275 2846 306 2905 in
328 2864 386 2923 qno
398 2843 491 2906 multa
511 2842 634 2903 ornandi
657 2862 752 2913 causa,
776 2854 927 2921 poetarum
939 2864 1039 2916 more,
1063 2846 1095 2905 in

95 2922 247 2983 Castorem
267 2925 372 3003 scripta
386 2936 413 2985 et
434 2922 589 2983 Pollucem
608 2922 735 3007 fuissent,
746 2922 845 3061 griptis
866 2922 953 2983 illum
967 2925 1097 2985 sordide

93 3001 236 3062 Simonidi
249 3002 364 3075 dixisse,
378 3024 411 3064 se
423 3003 576 3063 dimidium
590 3003 653 3081 ejus
675 3003 710 3073 ei,
725 3020 781 3079 quo
821 3012 923 3083 pactus
937 3014 1017 3063 esset
1038 3024 1096 3083 pro

92 3078 146 3141 illo
158 3083 295 3152 carmine,
310 3084 459 3143 daturum:
481 3083 627 3161 reliquum
640 3102 658 3140 a
671 3082 732 3141 suis
747 3080 935 3160 Tyndaridis,
950 3102 1032 3159 quos
1048 3105 1098 3144 ae

92 3176 150 3237 que
167 3158 319 3230 laudasset,
343 3162 493 3239 peteretsi
512 3162 539 3221 ei
560 3160 712 3221 rideretur.
756 3160 850 3221 Paulo
872 3171 936 3239 post
959 3180 1031 3223 esse
1058 3164 1097 3223 fe

91 3249 160 3298 runt
184 3240 348 3300 nuntiatum
378 3241 529 3312 Simonidi,
559 3252 591 3300 ut
620 3239 762 3321 prodiret:
788 3240 912 3317 juvenes
940 3252 1025 3303 stare
1058 3241 1100 3303 ad

86 3316 209 3398 januam
223 3317 294 3378 duos
315 3318 462 3398 quosdam
476 3319 610 3398 quicum
630 3338 807 3398 magnopere
829 3331 998 3385 evocarent:
1028 3340 1100 3381 sur·

91 3397 202 3458 rexisse
221 3396 307 3458 illum
328 3399 433 3479 ipsum,
453 3399 602 3477 prodiisse,
624 3399 731 3458 vidisse
749 3399 904 3459 neminem.
949 3402 1027 3463 Hoc
1053 3400 1100 3459 in·

89 3476 175 3535 terim
195 3478 286 3552 spatio
305 3476 444 3537 conclave
455 3477 544 3548 ‚ilhrd
558 3480 610 3537 uhi
624 3476 790 3555 epularetur
810 3480 925 3557 Scopas,
940 3478 1101 3539 concidis·

90 3567 139 3609 se:
160 3572 195 3611 ea
211 3554 297 3613 ruina
315 3555 412 3632 ipsum
434 3574 605 3632 oppressum
627 3576 695 3616 cum
716 3557 778 3616 suis
800 3557 950 3617 interiisse.
997 3560 1100 3623 Quos

90 3645 183 3703 quum
204 3629 327 3692 humare
346 3631 452 3690 vellent
471 3634 525 3702 sni,
538 3654 593 3693 nee
614 3649 730 3712 possent
747 3636 862 3695 obtritos
883 3636 1101 3699 internoscere

90 3702 273 3788 ullomodo:
295 3709 460 3772 Simonides
479 3710 592 3771 dicitur
604 3732 642 3775 ex
654 3734 696 3785 eo.
711 3714 789 3795 quod
808 3714 998 3788 meminisset,
1030 3737 1101 3798 quo
