2300 4059
349 156 550 199 uacanouuir
565 157 738 199 ιιιιιιιιιιι.
856 210 859 217 Ι
991 140 1027 202 bi

1137 258 1138 281 ι

46 293 91 353 im
91 294 229 371 pulerant,
259 293 310 357 illo
339 296 413 353 victo
443 296 498 355 soli
525 306 730 354 remanserunt.
773 294 838 355 Nec
858 294 948 355 multo
968 308 1031 375 post
1136 288 1138 339 ι

46 374 124 442 victi
139 374 301 442 libertatem,
312 391 404 463 quam
418 372 557 434 adversus
576 374 797 435 dominationem
808 374 1031 435 Atheniensium

47 464 86 510 et
91 452 317 529 Spartanorum
310 464 383 510 mter
403 464 442 510 tot
466 453 607 511 Graeciae
626 453 750 513 civitates
772 454 826 513 soii
849 455 1030 526 retinuerant,

47 532 213 591 amiserunt.
245 531 403 596 Subidem
415 542 528 608 tempus
541 531 638 591 beilo'
630 543 703 591 inter
713 533 874 593 Messenios
883 546 910 591 et
919 534 1031 593 Achae·

48 629 83 667 os
103 621 208 679 exorto
238 609 453 671 Achaeorum
445 619 599 687 imperator.
619 612 869 688 Philopoemen,
861 632 892 671 in
911 613 1032 673 transitu

50 689 147 747 fossae
168 708 242 765 equo
254 690 470 780 praecipitatus,
490 710 509 747 a
530 688 712 750 multitudine
732 690 859 750 hostium
878 710 1031 781 oppressus

47 780 99 825 ost
142 769 239 837 Hunc,
260 767 390 827 velutin
410 768 460 828 iilo
474 787 560 827 omne
575 768 685 829 beilum
699 770 930 838 confecissent,¹¹
922 790 953 829 ιιι
973 789 1031 829 mo·

48 844 122 903 dum
134 814 273 923 triumphi
283 866 334 924 per
343 846 508 905 universam
517 848 660 906 civitatem
673 849 932 909 circumduxerunt.
976 850 1030 908 De·

46 923 161 983 indam
175 944 322 985 carcerem
334 925 417 984 ducto
432 946 574 985 venenum
589 926 740 1017 dederunt3
762 927 838 1004 quod
861 927 911 986 ille
933 928 1031 997 laetus,

46 1003 123 1063 acsi
137 1004 257 1072 vicisset,
277 1005 394 1081 accepit
407 1006 558 1081 quaesita
555 1006 645 1083 priua,
661 1026 701 1065 aii
715 1006 862 1082 Lycortas,
869 1007 1030 1083 praefectur

48 1084 249 1151 Artacana:
269 1102 355 1160 quein
375 1082 536 1157 secundum
564 1105 583 1143 a
603 1104 635 1143 ee
655 1103 718 1144 esse
748 1084 859 1153 sciebat,
881 1086 1031 1145 incoluerit

48 1163 221 1237 effugiebat?
242 1163 340 1223 Quem
354 1174 384 1221 ut
401 1162 510 1239 accepit
528 1162 673 1239 effugisse
698 1184 755 1223 aori
768 1166 801 1224 ιιι
814 1173 910 1231 totoni,
926 1164 1031 1237 dicem,

47 1242 306 1300 consultam³mole
315 1243 447 1310 Achaeis
459 1212 619 1318 exspiravit„
659 1243 724 1301 Nec
734 1243 823 1301 multo
832 1254 895 1319 post
904 1252 1030 1319 reparato

45 1318 285 1457 beilo„p1essenii
298 1320 451 1379 vincuntur
452 1339 633 1398 ,poenasque
646 1321 784 1381 interfecti
798 1320 1031 1401 Philopoemenii

46 1417 142 1475 peperi
162 1408 253 1457 erunt.

48 1600 95 1656 ⁷1
120 1598 368 1676 RegioPliilippi
377 1600 551 1739 ΙιιιιιὶιζιιΧιΧιιιιΙ
551 1600 718 1758 poppedio
726 1598 905 1680 inquinatior
948 1600 1031 1683 (Just

89 1850 210 1910 Interim
224 1850 302 1928 regis
316 1851 510 1926 Macedonum
524 1852 655 1911 domus
646 1853 785 1913 intestinis
806 1852 891 1912 malis
909 1852 1032 1929 agitaba,

45 1941 102 1989 tur
147 1932 227 1989 Nam
240 1951 330 2023 quum
343 1932 514 1999 Demetrius,
532 1931 664 2009 Philippi
685 1932 762 1991 silius
764 1942 894 2009 ,epatre
908 1934 1032 1999 Romam

45 2011 162 2078 missus,
184 2010 248 2068 ob
240 2010 385 2087 insignem
406 2009 554 2100 pudorem⁴
582 2011 674 2070 muita
699 1978 804 2071 favebis
824 2010 995 2071 documenta
1015 2032 1037 2073 ιι

45 2103 150 2147 senatu
170 2091 332 2178 accepisset,
354 2089 426 2167 patri
447 2089 558 2149 invisus
579 2110 642 2151 esse
663 2090 762 2168 coepit
782 2088 952 2167 indignanti
966 2090 1033 2167 plui

44 2166 186 2226 momenti
206 2167 283 2245 apud
303 2181 435 2226 senatum
453 2187 606 2245 personam
635 2166 695 2237 filii,
725 2188 813 2247 quain
839 2168 1034 2231 auctoritatem

45 2246 173 2325 patria
158 2245 301 2307 habuisse
337 2248 438 2323 Igitur
460 2249 593 2315 Perseus,
612 2248 704 2323 major
722 2248 850 2308 ¹filiorum
871 2248 957 2339 regis,
971 2267 1034 2325 per·

45 2337 146 2402 specta
159 2316 247 2415 patris
260 2310 448 2402 aegritudine,
458 2326 594 2417 quotidie
605 2327 750 2399 absentem
762 2324 943 2387 Demetrium
956 2325 1034 2405 apud

45 2424 118 2463 eum
131 2403 286 2472 criminari,
308 2417 334 2463 et
348 2406 441 2481 primo
455 2402 590 2472 invisum,
605 2424 673 2464 mox
695 2407 779 2463 etiam
794 2416 958 2482 suspectum
972 2404 1032 2465 red

44 2482 132 2558 dere3
152 2501 230 2541 nunc
244 2482 400 2541 amicitiam
415 2486 621 2549 Romanorum.
640 2505 716 2543 nunc
727 2484 961 2573 proditionem
936 2504 964 2543 ei
986 2504 1034 2561 pa·

44 2562 98 2621 tris
112 2562 261 2654 objectare
302 2562 350 2628 Aa
360 2573 534 2639 postremum
549 2563 667 2623 insidias
681 2562 735 2621 sibi
748 2564 784 2623 ab
798 2584 832 2621 eo
846 2573 958 2639 paratas
967 2582 1033 2621 oon·

46 2640 141 2717 fingit
163 2640 200 2699 ad
214 2642 296 2719 cujus
319 2640 449 2700 criminis
469 2642 690 2718 probationem
682 2641 804 2701 immittit
818 2640 933 2709 indicem
938 2652 1034 2701 testm·

44 2739 104 2856 pue
118 2718 261 2779 subornat
306 2720 422 2782 Quibus
444 2721 530 2792 robus
544 2732 654 2799 patrem
668 2718 789 2799 impulit,
813 2731 844 2779 ut
857 2719 1047 2805 supplicium!

64 2819 82 2856 e
95 2798 247 2857 innocente
260 2811 391 2859 sumeret.

170 2972 216 3043 ιι
237 2911 399 3046 Pittippes
412 2934 559 3039 aaut„
584 2968 699 3051 (raia.
714 2950 850 3032 xxiiii.
866 2970 907 3049 ι.)

87 3138 194 3199 Occiso
210 3140 357 3202 Demetrio
380 3140 547 3217 sublatoque
561 3141 676 3201 aemulo
690 3160 748 3200 non
768 3140 962 3218 negligentior
974 3152 1033 3201 tan·

43 3229 109 3277 tum
125 3219 273 3278 Perseus'
265 3240 296 3279 in
309 3231 426 3297 patrem
446 3240 548 3278 verum
568 3223 654 3279 etiam
674 3220 868 3279 contumacior
881 3232 957 3296 erat;
978 3239 1033 3280 neo

44 3296 188 3357 heredem
207 3299 298 3375 regni,
318 3298 370 3357 aed
390 3318 489 3375 regern
502 3318 534 3358 ee
555 3300 677 3375 gerebat.
721 3300 779 3359 His
800 3300 885 3357 rebus
906 3299 1033 3357 offensae

45 3376 236 3454 Philippiis
228 3378 422 3469 impatientius
439 3380 473 3437 iii
492 3378 553 3436 dies
573 3391 695 3437 mortem
711 3377 848 3437 Demetrii
864 3377 981 3444 dolebat
996 3386 1030 3448 et,

44 3455 175 3532 denique
193 3456 294 3515 ιιιιιιιιιι
310 3457 435 3534 cognita
449 3476 509 3515 non
527 3458 625 3517 minua
646 3458 755 3517 scelere
769 3457 876 3522 Persei.
890 3474 978 3531 quam
991 3455 1033 3514 in·

43 3533 131 3594 noxii
146 3535 287 3594 Demetrii
300 3548 391 3594 morte
404 3535 592 3595 cruciabatur
634 3536 723 3594 Brevi
736 3546 798 3613 poet
810 3546 945 3611 tempore,
959 3551 1034 3593 mor·

43 3614 83 3679 bo
104 3632 143 3671 ex
163 3615 344 3689 aegritudine
371 3614 461 3674 animi
486 3625 630 3673 conmacto
649 3614 777 3683 decessit,
806 3613 905 3672 relicto
925 3620 1033 3689 magno

43 3690 134 3752 belli
130 3705 278 3771 apparatu
297 3695 437 3755 adversus
457 3695 684 3771 Romanosque
704 3703 802 3771 postea
822 3693 948 3751 Perseus
961 3708 1033 3751 usur
