2300 4059
21 78 25 193 3
143 128 148 142 .

293 70 350 135 ut
388 87 645 137 munimem
657 88 832 133 :macra
1016 74 1057 135 m

92 248 120 289 se
138 237 240 309 peeret
283 228 339 289 Ille
359 228 444 307 petiit,
466 238 495 287 ut
516 226 656 305 quidquid
676 229 831 307 tetigisset,l
850 246 957 289 aurum
969 228 1055 291 fimet

95 308 169 372 nuou
186 326 277 386 quum
299 308 483 385 impetrasset,
505 306 645 384 quidquid
669 310 807 385 tetigerat,
833 326 939 367 aarum
964 308 1055 369 behet

92 388 178 453 Primo
190 387 309 465 gavisus
323 398 364 445 est
377 386 432 445 lanc
446 386 549 445 virtute
561 404 630 463 ους
658 407 727 447 mex
739 387 884 455 intellexit,
906 384 982 447 nihil
1000 389 1056 465 ipsi

90 465 139 525 hnc
155 485 270 525 munere
289 464 483 543 perniciosius
498 464 567 523 esse.
611 467 692 525 Nam
703 467 789 525 etiam
801 465 884 525 cibus
896 477 924 525 et
936 468 1013 544 potio
1025 469 1057 527 in

89 564 180 605 surum
191 544 360 603 mutabatur,
404 546 506 607 Quum
515 544 578 621 jam
590 542 665 603 inme
676 547 861 613 cruciaretur,
875 547 942 622 petit
955 564 973 603 a
985 546 1058 605 Bac·

88 622 190 691 chnut
211 623 320 683 donum
340 642 427 683 suum
448 634 600 681 revocaret
643 626 752 687 Quem·
772 623 908 684 Bacchus
920 624 1006 702 Jmsit
1024 624 1058 685 in

87 702 194 841 iiumipe
209 702 382 815 Pactoloase
394 702 518 771 abluere,
540 720 689 780 quumque
700 722 807 780 aquam
818 702 964 781 tetig'uset,
984 702 1058 763 licta

86 792 124 839 est
136 801 165 839 co
177 801 225 839 ore
238 798 333 839 aureo.

121 864 163 919 21.
202 860 378 919 Schoeneus*
399 859 563 919 Atalantam
583 859 675 919 liliam
693 858 932 920 formosissimum
953 856 1058 920 (licitur

84 936 216 1007 babuisse,
237 957 311 1015 quae
331 956 420 997 cursu
440 938 517 996 viros
537 939 696 1015 superabat.
739 942 823 1000 Haec
835 957 927 1015 quum
939 959 958 997 a
970 938 1059 1017 pluri·

83 1016 134 1075 bus
152 1018 180 1076 iu
198 1017 368 1096 eonjugium
388 1026 537 1095 peteretur,
565 1028 645 1095 pater
663 1020 727 1097 ejus
746 1018 939 1078 conditionem
958 1036 1059 1094 propo-

82 1096 145 1164 suit,
162 1106 198 1165 ut,
212 1098 262 1173 qui
275 1116 341 1155 eam
353 1095 458 1155 ducere
472 1096 562 1164 vellet,
583 1098 665 1175 prius
682 1116 770 1157 cursu
783 1116 851 1155 cum
864 1118 897 1155 ea
910 1095 1059 1155 contende·

82 1186 134 1251 ret;
161 1176 185 1234 si
205 1175 296 1233 victus
324 1185 405 1243 esset,
431 1174 613 1234 occideretur.
656 1176 765 1237 Multos
785 1196 877 1253 quum
895 1185 1059 1253 superasset

81 1264 108 1311 et
119 1252 305 1323 interfecisset,
325 1253 440 1313 tandem
459 1254 495 1312 ab
517 1255 703 1331 Hippomene
716 1256 790 1314 victa
809 1265 859 1313 est
901 1254 961 1315 Hic
981 1253 1060 1313 enim

79 1351 98 1389 a
118 1332 229 1391 Venere
249 1333 303 1392 tria
323 1333 399 1392 mala
419 1350 508 1391 aurea
527 1344 681 1411 acceperat
725 1334 806 1393 Dum
822 1332 982 1400 currebant,
1010 1331 1060 1391 ho·

79 1412 154 1469 rum⁵
171 1430 264 1469 unuin
283 1423 346 1491 post
365 1412 488 1472 alterum
507 1413 633 1490 projecit,
654 1412 748 1489 iisque
769 1412 922 1471 Atalantae
940 1428 1060 1470 cursum

77 1488 203 1549 tardarit
245 1492 324 1550 Nem
345 1490 415 1549 dum
433 1490 510 1553 mala
529 1491 648 1568 colligit,
678 1492 877 1569 Hippomenes
896 1488 934 1549 ad
952 1500 1060 1549 metam

77 1570 211 1647 pervenit
264 1569 345 1629 Huic
373 1570 468 1647 itaque
501 1569 668 1629 Schoeneus
701 1569 792 1631 filiam
824 1588 946 1630 uxorem
974 1567 1057 1628 dedit

78 1648 176 1709 Quam
189 1666 280 1725 quum
292 1650 324 1708 in
337 1649 458 1725 patriam
471 1647 594 1716 duceret,
608 1648 712 1709 oblitus
727 1649 852 1709 Veneris
869 1646 1008 1707 beneficio
1027 1665 1060 1706 se

75 1726 186 1794 vicisse,
209 1737 304 1803 grates
326 1728 354 1787 ei
374 1746 433 1786 uon
455 1728 520 1804 egit.
563 1729 652 1788 Hanc
673 1727 710 1787 ob
725 1747 845 1788 causam
859 1729 1059 1806 Hippomenes

73 1815 197 1864 mumius
211 1806 297 1865 estin
311 1806 431 1874 leonem,
446 1807 583 1867 Atalanta
595 1808 626 1867 in
639 1807 777 1867 leaenam

114 1887 160 1943 22.
204 1884 304 1953 Nisus,
315 1902 367 1943 rex
376 1884 603 1962 Megarensium,
614 1887 645 1945 in
658 1887 750 1963 eapite
761 1885 872 1945 crinem
880 1901 1060 1963 purpureum

73 1961 210 2021 habuisse
230 1961 340 2033 dicitur,
362 1965 445 2040 eique
465 1962 643 2041 praedictum
661 1964 721 2056 fuit,
741 1975 801 2023 tam
814 1963 864 2023 diu
878 1982 946 2054 eum
958 1981 1061 2040 regna·

71 2051 280 2190 idid&
286 2041 547 2199 distinet
559 2042 1060 2198 {attritidtdtnx

71 2200 147 2257 ram⁶
160 2210 346 2277 oppugnaret,
367 2200 474 2279 Scylla,
497 2200 565 2261 Nisi
585 2201 654 2273 filia,
673 2220 773 2259 amore
792 2202 854 2279 ejus
867 2211 997 2278 correpta
1009 2209 1060 2268 est,

67 2287 105 2345 et,
135 2288 167 2335 ut
188 2279 216 2336 ei
236 2280 383 2339 victoriam
403 2289 522 2357 pararet,
548 2281 622 2357 patri
643 2279 794 2339 dormienti
813 2280 928 2339 fatalem
948 2280 1060 2338 crinem

69 2356 218 2433 praecidit.
262 2358 305 2416 Ita
320 2358 412 2417 Nisus
433 2360 569 2419 aMiuoe
584 2360 674 2419 rictus
695 2370 722 2417 et
738 2360 852 2418 occisus
865 2369 914 2417 est
957 2359 1060 2420 Quum

68 2446 169 2493 sutem
184 2435 283 2495 Minos
295 2437 328 2496 in
342 2437 459 2496 Cretam
478 2435 590 2506 rediret,
612 2438 792 2517 Scyllaeum
804 2437 924 2513 rogavit,
943 2447 976 2496 ut
994 2454 1061 2495 eam

66 2530 173 2592 secum
194 2513 335 2575 aveheret
377 2514 434 2574 Sed
454 2516 504 2577 ille
523 2516 658 2592 negavit,⁷
686 2517 804 2575 Oretum
822 2526 934 2575 tanturn
955 2514 1061 2577 scelus¹

67 2610 135 2651 esse
156 2602 345 2670 recepturam.
387 2595 467 2653 Tum
488 2594 539 2655 illa
554 2612 588 2653 se
608 2596 640 2655 in
651 2613 732 2653 mare
744 2594 928 2673 praecipitat’
946 2614 1062 2653 narem·

67 2688 126 2747 que
179 2673 331 2749 rsequitur.
374 2673 467 2733 Nisus
487 2672 519 2731 in
538 2674 665 2751 aquilam
677 2675 821 2733 marinam
833 2692 990 2733 conversus
1009 2682 1060 2743 est,
1081 2692 1084 2698 ’

66 2748 128 2829 Scy
152 2770 172 2809 a
186 2750 218 2809 in
231 2750 346 2829 piscem,
361 2770 447 2829 quem
463 2752 556 2812 Cirinr
569 2762 678 2811 recent.
722 2751 883 2824 Hodieque,
902 2750 1061 2829 siquando

65 2828 119 2887 illa
140 2828 206 2887 avis
226 2830 305 2889 hunc
325 2829 435 2907 piscem
454 2840 640 2911 conspexerit,
661 2833 745 2891 rainu
764 2850 799 2891 se
819 2838 852 2891 in
868 2850 977 2910 aquam
996 2850 1061 2911 rap·

64 2914 192 2985 tumque
207 2909 355 2986 unguibus
369 2908 493 2969 dilaniat.

106 2991 156 3045 23,
203 2987 362 3065 Amphion,
376 2990 393 3047 J
395 2988 456 3047 ovis
477 2999 503 3047 et
517 2990 659 3067 Antiopes
672 2988 757 3059 filius,
769 2988 824 3068 qui
837 2988 955 3049 Thebas
967 2988 1061 3048 muris

64 3065 190 3135 cinxit,¹⁰
202 3066 328 3135 Nioben,
338 3068 456 3127 Tantali
465 3068 563 3137 filiam,
573 3067 828 3130 inmatrimonium
836 3067 923 3128 duxit.
945 3068 995 3129 Ex
1001 3086 1061 3145 qua

62 3144 234 3281 ppocreavit
243 3145 318 3205 filios
327 3157 442 3224 septem,
453 3145 715 3225 totidemquefilias.
742 3148 841 3210 Quem
849 3146 1061 3225 partum¹¹Nio

120 3225 257 3283 Latonae
277 3224 374 3293 liberis
394 3227 559 3304 anteposuit
580 3226 808 3303 superbiusque*
827 3226 945 3303 loquuta
966 3236 1009 3284 est
1028 3224 1060 3283 in

60 3302 242 3379 Apollinem
256 3312 283 3361 et
299 3304 431 3363 Dianam
474 3305 519 3364 Ob
532 3304 562 3363 id
576 3306 683 3383 Apollo
697 3305 773 3366 lilios
786 3306 849 3383 ejus
861 3315 999 3365 venantes
1016 3323 1060 3363 sa·

59 3380 147 3457 gittis
161 3380 310 3451 interfecit,
334 3383 429 3443 Diana
441 3394 537 3443 autem
550 3383 633 3445 filias.
676 3383 780 3453 Niobe,
799 3384 898 3445 liberis
910 3384 1015 3451 orbata,
1029 3382 1061 3441 in

54 3477 172 3519 saxum
186 3466 297 3519 mutata
318 3480 382 3521 esse
395 3461 527 3532 dicimur
547 3465 668 3543 ejusque
687 3464 834 3542 lacrymae
847 3461 989 3539 hodieque
1001 3480 1061 3519 ma·

55 3556 135 3599 aare
149 3542 337 3599 narrantur.¹³
376 3540 527 3619 Amphion
539 3554 644 3611 autem,
653 3561 745 3620 quum
757 3552 816 3602 tem
835 3540 899 3601 lum
912 3538 1060 3620 Apollinis

54 3636 241 3699 expugnare
253 3619 347 3691 vellet,
360 3620 396 3681 ab
409 3620 547 3701 Apolline
560 3621 671 3699 sagittis
684 3632 726 3681 est
739 3562 910 3681 mudena

97 3794 200 3838 uu
215 3794 236 3837 ἰ,
562 3797 585 3839 D
