2300 4059
116 64 157 123 ot
324 60 378 122 VI.
401 80 440 121 or
454 78 733 123 russsoomur
745 76 893 122 morus

116 218 186 279 thiu
197 218 253 277 sita
266 228 314 287 est.
328 218 397 279 urbs
411 218 619 296 antiquissima.
631 238 669 276 ex
685 216 770 294 cujus
786 234 903 275 summa
914 232 983 277 arce
995 217 1095 299 <Acro-

116 297 268 360 corinthon
280 296 436 375 appellant)
450 308 606 375 utrumque
618 315 700 355 mare
711 296 893 386 copspioitur.
925 298 1030 360 Qurun
1042 296 1096 374 opi

9 418 11 451 ,
116 377 172 455 bus
193 378 313 445 floreret,
327 376 536 453 simonisque
550 375 656 435 valeret
675 375 775 453 copus,
789 376 890 452 gravia
908 374 985 435 bella
1000 376 1093 451 gessit

9 452 11 477 l
119 456 155 516 In
167 454 244 515 bello
258 455 407 526 Achaico,¹
417 454 494 533 quod
508 454 635 515 Romani
646 474 715 513 cum
729 453 852 513 Graecis
866 465 1024 531 gesserunt,
1038 454 1096 532 pul

9 566 11 573 >
117 534 262 599 cherrima
283 535 360 605 urbs,
374 554 462 611 quam
477 536 582 595 Cicero
596 533 739 593 Graeciae
759 533 859 592 lumen
877 534 1008 610 appellat,
1025 553 1046 591 a
1065 534 1094 593 L

9 634 11 651 ³
118 614 263 673 Mummio
284 625 449 691 expugnata
470 613 655 691 funditusque
675 612 768 672 deleta
787 622 837 671 est.
878 613 1013 672 Restituit
1036 630 1097 671 earu

117 691 212 751 Julius
227 692 344 761 Cbessr,
358 692 532 769 colonosque
545 712 580 751 eo
592 691 700 753 milites
714 702 862 753 veteranos
874 691 973 751 misit..

158 774 202 831 33.
226 771 343 831 Nobilis
356 782 398 831 est
411 772 441 831 in
457 772 658 849 Pelopomreso
670 771 741 829 urbs
750 770 895 848 Olympia,
905 768 1012 847 templo
1020 769 1097 829 Joris
1142 833 1143 838 χ

66 921 74 928 s
118 848 249 928 Olympii
269 870 303 908 ac
323 861 415 909 statua
435 851 562 911 illustris.
605 852 703 909 Statua
721 870 759 908 ex
777 850 864 909 ebore
883 850 963 917 facta
978 848 1099 908 Phidiae
1142 847 1143 910 l

117 930 225 987 summi
239 930 355 988 artificis
366 950 438 1007 opus
451 930 734 1007 praestantissimum
769 929 866 1005 Prope
874 927 949 989 illud
961 928 1098 1005 templum
1141 929 1144 970 ἓ

117 1006 155 1066 ad
169 1006 280 1085 Alphei
298 1008 426 1067 fluminis
444 1010 521 1087 ripas
540 1008 602 1067 ludi
617 1006 796 1067 celebrantur
809 1006 966 1085 Olympici,
978 1006 1016 1065 ad
1028 1024 1099 1084 quos
1142 1009 1143 1066 l

9 1100 10 1105 ’
117 1086 256 1145 videndos
276 1107 313 1145 ex
329 1098 385 1145 tota
401 1088 527 1151 Graecia
539 1087 728 1147 concurritur.
770 1086 818 1146 Ab
831 1084 879 1143 bis
894 1086 973 1146 ludis
986 1087 1099 1145 Graeca
1142 1069 1143 1150 l

118 1184 191 1243 gens
205 1186 251 1224 res
265 1177 359 1242 gestas
373 1185 440 1223 suas
454 1168 606 1225 numerat*
775 1218 778 1222 .
846 1233 851 1240 ,
1142 1169 1143 1224 l

158 1248 203 1303 34.
227 1246 292 1304 Nec
314 1248 416 1323 Sparta
433 1243 641 1323 praetereunda
659 1253 710 1314 est,
726 1244 796 1302 urbs
808 1242 1001 1313 nobilissima,
1014 1262 1099 1319 quam
1142 1229 1143 1306 l

119 1324 251 1401 Lycurgi
261 1323 533 1401 loges,³civiumque
542 1322 815 1401 virtusetpatientia
823 1322 983 1382 illustravit
1009 1321 1100 1383 Nulla

117 1402 177 1463 sere
185 1422 259 1479 gens
268 1404 373 1463 bellica
381 1403 467 1463 laude
476 1403 572 1479 magis
581 1402 684 1471 floruit
693 1402 847 1479 pluresque
857 1401 932 1460 viros
943 1401 1030 1459 sortes
1038 1422 1100 1461 oon·
1142 1427 1143 1476 j

117 1491 280 1557 stantesque
293 1484 399 1557 genuit.
443 1482 518 1541 Urbi
532 1482 662 1541 imminet
675 1500 759 1539 mons
769 1481 998 1559 Taygetus,⁴qui
1011 1499 1102 1557 nsque
1142 1511 1144 1532 ι

117 1559 321 1619 adAreadiam
330 1560 478 1637 procurrit.
515 1560 764 1620 Proximeurbem
773 1561 902 1619 Eurotas
912 1558 1102 1618 fluviusdela·

117 1638 200 1708 bitur,
211 1639 247 1697 ad
256 1640 341 1716 cujus
355 1640 432 1715 ripas
443 1640 575 1717 Spartani
588 1659 768 1699 seexercere
777 1638 912 1699 solebant.
949 1639 984 1697 In
999 1638 1103 1700 Sinum
1142 1713 1143 1718 η

119 1719 297 1778 laconicum
305 1717 468 1777 effunditur.
499 1718 591 1778 Haud
599 1717 701 1795 procul
710 1718 778 1778 inde
786 1718 865 1777 abest
874 1717 1102 1794 promontorium
1142 1721 1143 1774 Ξ

118 1798 300 1865 Taenarum,
311 1796 360 1857 nbi
370 1797 503 1857 altissimi
513 1811 625 1875 specus,
634 1816 687 1875 per
695 1816 768 1873 quos
778 1795 1102 1875 Orpheum⁵adinieros
1142 1781 1143 1874 l

119 1876 298 1949 descendisse
311 1886 434 1935 narrant.
1142 1883 1143 1908 ³

158 1960 203 2015 35.
227 1957 311 2016 Mare
334 1958 496 2032 Aegaeum,
523 1954 598 2013 inter
625 1954 782 2013 Graeciam
808 1954 969 2030 Asiamque
994 1964 1103 2031 pateas,

117 2033 603 2173 reserrentur
622 2032 867 2171 ,penpqggpr
883 2034 1106 2171 timi

118 2202 160 2249 est
182 2160 292 2259 Delus]
312 2133 386 2269 <frises
405 2132 520 2269 reperiie
539 2212 556 2251 e
575 2192 650 2251 utari
670 2132 838 2249 enatdaesse
857 2189 968 2249 dicitnr.
994 2192 1051 2249 .ln
1070 2211 1108 2251 ea

118 2269 216 2332 insula
230 2272 342 2329 latona
352 2270 520 2347 Apollinem
533 2281 560 2329 et
576 2271 704 2329 Dianam
716 2269 834 2347 peperit,
842 2287 917 2346 quaa
925 2269 1050 2328 numina
1063 2270 1105 2329 ibi
1142 2285 1143 2338 l

118 2368 178 2408 una
199 2368 268 2409 cum
289 2360 380 2407 matre
400 2368 515 2407 summa
535 2349 677 2425 religione
697 2348 838 2407 coluntur.
880 2348 956 2408 Urbi
970 2348 1108 2408 imminet
1142 2359 1143 2420 ζ

39 2458 41 2461 ·
120 2426 262 2507 Cynthus,
283 2446 367 2485 mons
387 2428 519 2487 excelsus
541 2440 567 2487 et
590 2426 706 2487 arduus.
750 2429 862 2505 Inopus
881 2426 976 2485 amnis
997 2428 1108 2504 pariter

118 2526 187 2567 cum
209 2506 280 2566 Nilo
302 2505 466 2565 decrescere
487 2517 513 2565 et
532 2506 636 2584 angeri
655 2505 766 2565 dicitur.
808 2506 1008 2565 Mercatusin
1027 2506 1107 2567 Delo
1142 2509 1144 2582 ,

9 2620 36 2637 a
118 2586 330 2654 celeberrimus,
345 2584 423 2662 quod
436 2586 472 2645 ob
485 2597 583 2663 portus
597 2584 827 2645 commoditatem
838 2584 995 2663 templique
1006 2586 1110 2663 religi·

118 2686 204 2727 onem
218 2675 389 2723 mercatores
404 2684 440 2723 ex
452 2676 509 2723 toto
523 2665 592 2725 orbe
604 2676 745 2723 terrarum
758 2684 794 2723 eo
806 2663 995 2723 confluebant
1025 2665 1109 2725 Em·

119 2744 185 2803 dem
198 2745 234 2803 ob
248 2764 366 2802 eausam
379 2744 506 2803 civitates
521 2744 671 2812 Graeciae,
682 2755 749 2821 post
768 2742 928 2804 secundum
948 2742 1108 2804 Persicum
1142 2797 1144 2804 .

118 2823 236 2891 bellum,
245 2824 349 2883 tributa
357 2822 393 2881 ad
402 2824 471 2883 belli
480 2840 567 2881 usum
575 2823 823 2891 ineaminsulam
831 2822 1110 2898 tamquamincom·
1142 2847 1143 2852 ¹

119 2922 208 2964 muse
221 2902 306 2961 totius
318 2902 460 2961 Graeciae
469 2904 623 2970 aerarium,
632 2901 828 2978 conferebant3
846 2920 936 2977 quam
948 2905 1110 2977 pecuniam
1142 2943 1143 2978 ,

119 2980 280 3059 insequenti
292 2978 420 3059 tempore
429 2980 623 3040 Athenienses
632 2981 664 3039 in
673 3000 758 3041 suam
766 2980 867 3039 urbem
876 2978 1112 3041 transtulerunt·
1131 2974 1143 3018 ’ἶ

159 3066 213 3121 36.·
226 3060 358 3121 Euboea⁹
379 3061 476 3121 insula
496 3060 583 3119 littori
605 3061 744 3119 Boeotiae
763 3070 791 3117 et
810 3060 923 3119 Atticae
945 3062 1112 3135 praetendi·

118 3150 172 3210 tur,
184 3150 310 3217 angusto
331 3138 400 3199 freto
420 3159 439 3196 a
455 3139 610 3200 continenti
622 3139 738 3197 distans.
781 3140 891 3198 Terrae
903 3148 984 3198 motu
996 3159 1016 3197 a
1028 3140 1112 3202 Boe·

120 3218 176 3277 otia
189 3220 289 3279 avulsa
304 3238 366 3277 esse
376 3216 513 3277 creditur:
528 3220 644 3296 saepius
653 3238 719 3290 eam
732 3236 902 3277 concussam
911 3236 975 3277 esse
982 3232 1118 3283 constat.

120 3299 248 3367 Fretum,
258 3298 480 3375 quoaGraecia
488 3297 659 3374 sejungitur,
667 3308 784 3356 vocatur
794 3297 934 3373 Euripus,
944 3310 1122 3361 saerumet

119 3388 285 3437 aestuosum
306 3395 394 3445 mare,
417 3376 500 3453 qnod*
516 3376 652 3436 continuo
674 3387 754 3435 motu
780 3376 912 3453 agitatur.
955 3376 1130 3443 Nonnulli,

120 3455 225 3523 mount
246 3455 349 3531 septies
370 3454 471 3531 quovis
493 3454 546 3525 die,
566 3456 645 3536 statis
664 3454 847 3532 temporibus,
866 3455 971 3514 fluctus
991 3455 1126 3521 alterno

120 3544 201 3595 motu
213 3533 330 3611 agitari:
350 3532 404 3591 alii
416 3532 472 3591 hoc
485 3545 600 3609 negant,
611 3533 742 3603 dicenoes,
752 3552 832 3592 mare
840 3535 975 3600 temere*
983 3534 1015 3592 in
1025 3543 1125 3603 venti

120 3610 518 3693 modumbuoilluomoreri.
560 3613 832 3690 Suntquinarrent,
842 3613 1030 3672 Aristotelem
1043 3618 1128 3694 phi.
