2300 4059
268 96 404 141 unocurt
419 86 579 142 urrunnu
594 96 636 143 rr
651 96 829 143 rrrsnunn.
943 104 946 107 ·
1003 66 1046 145 flt

46 254 153 308 corno,
175 237 278 315 inquo
290 248 429 307 steterant,
452 238 590 309 vicerunt,
609 248 635 297 et
644 248 707 316 post
721 249 843 299 mortem
857 237 931 319 Gyri
944 258 1039 317 neque

45 318 143 377 armis
163 337 182 375 a
194 329 271 377 tanto
287 318 414 377 exercitu
427 318 511 387 vinci,
528 338 555 386 ,n
592 338 628 376 ue
651 317 716 378 dolo
730 319 794 395 capi
808 328 966 396 potuerunt,
988 316 1040 377 scd

45 415 103 473 per
115 395 270 456 indomitas
283 399 412 458 nationes
427 409 454 456 et
467 338 723 475 geuteefflhurburaa⁸
747 398 916 475 virtutelsua
929 396 1038 469 conlisi,

45 474 81 533 in
95 476 220 553 patriam
228 478 432 535 revertuntur.¹
516 493 520 501 ’
590 497 593 507 ¹

67 638 118 695 aa.
135 634 392 707 uramara·
404 634 564 711 aspona
579 614 742 711 canariis.
784 630 867 716 (Just.
883 632 921 695 rr
941 634 962 693 t.
978 638 1019 711 a.)

89 774 247 835 Artaxerxi
261 794 298 835 ex
311 774 463 853 pellicibus
475 788 591 835 centum
605 786 632 834 et
645 775 810 853 quindecim
824 774 877 835 tilii
891 776 978 844 fuere,
989 772 1041 835 red

44 862 109 912 tres
122 866 234 913 tantum
254 854 326 913 'usto
348 855 530 914 matrimonio
551 855 683 932 suseepti,
708 855 823 922 Darius.
844 855 992 916 Ariaratea
1013 864 1053 925 ets

46 932 162 991 Ochus.
192 934 242 993 Er
248 874 297 991 his
309 934 434 993 Darium
443 953 494 1011 per
504 933 715 1013 indulgentiam
725 946 811 1012 pater,
822 945 921 1000 contra
930 950 1041 993 merem

46 1012 218 1086 Persarum,
240 1028 340 1089 regem
363 1012 446 1073 rivus
467 1013 539 1071 lecit.
581 1012 638 1073 Sed
657 1012 705 1071 hic
719 1024 838 1091 paterna
850 1014 952 1091 pietate
965 1012 1042 1071 nihil

45 1088 374 1158 motus'iuterficiendi
395 1091 483 1169 patris
502 1091 659 1151 consilium
679 1092 760 1170 cepit.
803 1093 908 1151 Occiso
934 1092 1041 1169 quippe¹

46 1171 141 1248 Cyro,
156 1170 322 1247 Aspasiam,
343 1170 477 1247 pellicem
493 1170 562 1246 ejus,
585 1176 616 1231 in
629 1170 745 1248 regium
758 1178 940 1250 gyuaoeeum
952 1182 1056 1229 πω·

45 1248 179 1318 latama
196 1248 421 1326 patresibidari
433 1249 632 1326 postulaverat.
676 1251 743 1320 Hic,
758 1269 810 1327 pro
824 1270 877 1308 sua
891 1250 921 1311 iu
935 1249 1041 1311 liberas
1140 1254 1141 1275 ³

46 1326 240 1465 iudqlgerrtia
254 1330 347 1407 primo
361 1348 393 1387 se
407 1327 437 1387 id
449 1328 594 1387 acturum
607 1348 671 1387 esse
684 1328 805 1405 dixerat;
820 1348 888 1387 mox
898 1328 1045 1405 poenitenv'

45 1406 89 1467 tia
123 1417 214 1477 uetus,
224 1408 301 1469 Solis
314 1427 379 1467 eam
391 1406 550 1467 sacerdotio
563 1406 773 1485 praefecitque
786 1415 907 1485 munere
916 1408 954 1465 ab
962 1407 1042 1467 omni

43 1484 186 1545 'virorum
204 1486 347 1546 consortio
367 1486 578 1565 prohibebatur.
621 1486 701 1545 Hinc
721 1486 906 1547 exacerbatus
924 1485 1042 1562 juranis

48 1586 120 1623 cum
133 1565 344 1641 quinquaginta
364 1565 497 1625 fratribus
515 1565 546 1624 in
559 1578 669 1641 patrem
682 1565 858 1643 conjuravit;
877 1564 930 1625 sed
944 1564 1055 1643 repra

47 1642 162 1702 hensus
176 1642 731 1721 cumsociispoenaaprrrricidii²detlit¹
756 1645 915 1727 Conjuges³
927 1656 1045 1721 quoque
1115 1646 1122 1663 ⁸

48 1724 269 1798 conjuratorum
288 1740 359 1783 'cum
379 1721 479 1783 liberis
497 1723 633 1784 omnibus
650 1722 812 1782 interfectae
825 1730 899 1791 suut,
909 1722 1042 1799 nequod
1088 1720 1095 1735 ‘

47 1801 209 1878 vestigium
230 1802 303 1861 tanti-
321 1802 439 1863 sceleris
462 1820 497 1859 su
534 1812 630 1861 resset
674 1802 768 1865 Paulo
788 1811 851 1882 post
864 1804 1056 1861 Artaxerxae*

47 1879 473 1941 morboexdolorecontracto
506 1880 614 1939 acessit
825 1910 827 1919 v
857 1912 858 1916 =
928 1906 940 1915 ’ν
967 1904 973 1925 -,
992 1908 1018 1913 ··

69 2040 118 2099 24.
146 2037 248 2099 Ochus.
291 2038 405 2100 Dorias
421 2039 801 2201 copssfffl’fmmw
814 2058 865 2099 rec
878 1996 1012 2129 Pcrriac.
1034 2064 1055 2086 -·

91 2260 166 2332 Post
178 2258 266 2337 patris
279 2261 401 2319 mortem
415 2258 515 2319 Ochus
529 2253 654 2339 regnum
668 2271 818 2339 paternum
832 2260 942 2326 invasit
980 2260 1058 2333 Qui,

49 2358 154 2419 parem
166 2338 391 2415 conjurationem
400 2338 512 2408 timens,
523 2340 634 2416 regiam
643 2351 832 2417 cognatorum
842 2351 868 2398 et
878 2339 1044 2418 principum

50 2418 141 2477 caede
162 2416 259 2495 replet.
303 2418 382 2478 Tum
401 2416 509 2479 bellum
533 2417 678 2477 Cadusiis⁴
698 2420 789 2479 insert
833 2416 868 2477 ln
888 2438 946 2495 quo
966 2418 1043 2479 bello

53 2498 264 2557 Codomannus
278 2496 396 2574 quidam
409 2496 547 2557 adversus
561 2496 681 2566 hostem
692 2498 742 2576 qui
752 2517 844 2558 unum
852 2518 889 2563 er
899 2497 997 2557 Persis
1006 2496 1044 2559 ad

52 2576 205 2655 singulare
218 2587 363 2635 certamen
376 2588 586 2654 provocaverat
605 2597 713 2653 magno
734 2576 831 2636 animo
852 2576 995 2654 processit.
1017 2588 1044 2635 et

54 2654 135 2715 hoste
143 2657 240 2732 occiso
253 2654 401 2714 victoriam
412 2656 473 2713 suis
487 2667 513 2715 et
521 2676 611 2735 prope
624 2655 762 2714 amissam
776 2654 900 2732 gloriam
914 2655 1042 2715 restituit.

55 2736 100 2795 Ob
113 2735 187 2795 haec
201 2732 315 2795 decora⁸
328 2733 492 2812 praeficitur
506 2734 664 2795 Armeniis.
701 2733 850 2811 interjecto
865 2730 1045 2795 deluderem·

54 2834 123 2891 pore
136 2825 200 2892 post
215 2812 337 2872 mortem
351 2812 427 2873 Ochi
440 2833 472 2872 ra
496 2815 527 2882 's‚
548 2814 585 2873 ob
598 2814 769 2874 memoriam
782 2812 919 2891 pristinae
932 2813 1044 2873 virtutis

53 2913 105 2952 rex
117 2914 136 2953 a
145 2893 254 2971 populo
264 2892 451 2962 constituitur,
465 2834 548 2964 hirii
561 2892 681 2951 nomine
694 2892 863 2968 honoratus3
878 2890 1044 2969 bellumque

55 2994 121 3032 cum
136 2970 305 3032 Alexandro
328 2991 387 3030 uon
408 2973 470 3031 sine
483 2972 587 3031 virtute
602 2972 697 3049 gessit.
740 2972 890 3031 Postremo
908 2971 943 3030 ab
957 2970 1045 3031 Alex-

55 3050 144 3111 andro
158 3051 251 3109 victus
265 3061 292 3107 et
313 3070 332 3107 a
354 3052 484 3129 cognatis
497 3050 619 3123 occisus,
640 3050 727 3111 vitam
742 3051 847 3131 pariter
861 3070 929 3111 cum
944 3051 1045 3111 Persa·

56 3150 121 3190 rum
135 3150 227 3209 regno
242 3127 342 3189 finiuit.
451 3131 455 3135 “
1005 3132 1006 3135 ’
