2300 4059
115 108 157 175 82
264 124 388 175 narras
402 128 422 171 ι
436 126 612 172 crcsroms
626 127 703 170 vrri
717 124 957 195 unanimorum

113 290 133 330 o
152 268 304 351 portuniua
312 281 338 331 et
347 268 508 347 jucundius
516 268 547 327 in
560 265 616 329 hac
630 266 853 328 celebratissima
864 266 1033 336 Musarum.
1041 266 1101 328 sede

114 290 264 428 chingere
276 349 367 427 potuit
380 348 517 409 Ciceroni
525 360 630 416 nostro,
639 364 727 424 quam
740 346 817 424 quod
831 346 858 405 ei
867 366 937 405 cum
947 346 1101 417 Antiocho,

114 428 287 508 philosopho
308 428 492 495 Academico,
505 446 565 486 non
587 428 695 485 versari
708 438 825 493 tantum,
847 425 899 483 sed
920 428 1012 485 etiam
1032 426 1102 504 apud

114 527 183 569 eum
196 508 325 568 habitare
338 506 445 567 liceret
486 506 535 565 Sic
547 506 628 565 arim
641 509 740 571 nactus
754 504 845 563 fuerat
858 521 919 563 non
929 506 1032 565 solum
1039 507 1103 564 ami·

113 607 191 657 curn,
204 606 330 665 quocum
350 585 529 646 familiariter
551 586 666 652 viveret,
690 584 741 645 sed
762 584 847 643 etiam
870 585 1059 661 magistrum,
1071 586 1104 643 ad

113 668 198 744 cujus
210 678 362 744 praecepta
382 664 583 744 philosophiae
595 664 690 726 studia
702 662 845 723 moderari
855 675 964 741 posset,
1000 664 1058 731 ,Ad
1070 665 1105 723 vi

112 756 159 805 tac
168 745 384 823 jucunditatem,
398 764 458 822 qua
471 746 576 805 Cicero
590 744 715 803 Athenis
730 743 882 812 fruebatur,
898 742 1032 803 multum
1045 764 1105 803 con·

112 825 219 885 ferebat
230 824 387 902 Pomponii
396 824 492 894 Attici,
503 824 608 885 rotenis
617 823 704 881 amici
715 833 741 881 et
749 820 885 898 aequalis,
892 841 984 898 quern
994 822 1036 883 ibi
1046 842 1105 883 con-

115 914 237 974 venerat,
247 899 441 979 cousuetudo;
455 922 530 982 quae
543 902 660 980 quidem
670 902 709 959 ita
718 913 780 961 tura
792 912 877 961 aucta
894 912 923 961 et
936 902 1104 961 confirmata

112 994 162 1053 cst,
176 994 207 1041 ut
227 1003 281 1061 per
292 994 378 1042 totam
401 982 543 1059 reliquam
556 983 643 1044 vitam
653 980 725 1041 alter
738 979 820 1039 alteri
831 980 984 1040 exsisteret
997 982 1106 1043 ainicis»

112 1062 213 1121 simus.
254 1062 370 1122 Eodem
383 1072 512 1139 tempore
524 1062 601 1140 apud
614 1061 795 1123 Demetrium
809 1062 928 1138 Syrum,
944 1071 1105 1121 veteremct

112 1140 193 1201 haud
212 1140 372 1219 ignobilem
391 1139 504 1201 dicendi
524 1141 706 1219 magistrum.
721 1138 847 1204 studioso.
870 1140 985 1199 Noster
1007 1140 1038 1203 iu
1051 1152 1104 1201 arto

10 1265 11 1304 ,
112 1220 257 1283 rhetorica
267 1239 301 1281 ae
313 1220 450 1282 exercuit

386 1452 413 1513 7.
437 1451 541 1511 Cicero
554 1449 658 1512 Arium
669 1434 824 1527 peragrat

110 1726 115 1732 .
150 1648 275 1711 Athenis
295 1651 403 1713 relictis
424 1652 529 1713 Cicero
550 1652 604 1715 iter
625 1651 703 1712 flexit
730 1654 761 1713 in
781 1651 893 1722 Asiam,
917 1651 1021 1731 ibique
1040 1670 1102 1715 cunt

110 1731 289 1811 principibus
303 1732 470 1800 oratorihus,
485 1731 523 1793 ad
536 1751 609 1813 quos
623 1750 655 1793 se
665 1750 701 1811 ap
722 1730 865 1801 licaverat,
877 1732 1023 1811 Menippo
1033 1736 1104 1793 Stra·

109 1811 257 1880 tonicensi,
270 1805 414 1891 Dionysio
426 1813 571 1889 Magnete,
581 1750 732 1950 Aoechffist
743 1808 855 1881 Cnidio,
866 1812 1006 1873 Xenocle
1014 1814 1104 1873 Adra·

109 1900 217 1969 tnytteo
231 1903 258 1951 et
278 1890 344 1950 aliis
366 1902 495 1949 versatus
515 1903 557 1952 est
570 1904 598 1951 et
617 1892 685 1951 nobi
701 1890 811 1951 'ssimas
825 1890 919 1950 Asiae
936 1892 1022 1951 urbes
1043 1910 1104 1969 pen

109 1971 230 2046 agravit
274 1971 395 2030 Delatus
408 1970 730 2047 deniqueestRhodum
744 1968 801 2039 ubi,
815 1989 904 2046 quem
914 1971 979 2047 jam
990 1971 1104 2030 Romae

109 2048 265 2119 audiverat·
280 2049 394 2109 Moloni
402 2048 498 2109 denuo
506 2070 624 2129 operam
635 2050 716 2109 dedit.
760 2050 901 2126 Insignes
913 2070 989 2127 quos
1000 2050 1103 2110 Cicero

109 2126 141 2185 in
154 2140 216 2187 arte
228 2127 343 2189 dicendi
363 2130 472 2189 interea
484 2130 596 2199 lecerat,
638 2134 791 2207 rogre'saus
810 2129 972 2189 mirabatur
987 2130 1103 2208 quidem

109 2206 199 2275 Molo,
213 2207 355 2276 sedidem
365 2208 440 2277 vitia,
449 2228 523 2285 quae
536 2150 653 2267 vitanda
663 2220 757 2268 essent
766 2208 873 2267 oratori
882 2208 961 2269 bono
972 2221 1001 2269 et
1011 2208 1100 2286 gravi,

108 2280 385 2345 iihereoiindicavit
410 2288 489 2346 Nam
508 2302 599 2365 quum
607 2290 663 2359 Tres,
674 2304 746 2365 quas
757 2286 864 2347 Noster
882 2287 914 2345 in
924 2287 1101 2347 orationibus

106 2360 310 2423 dmoribcndos
320 2364 374 2423 sibi
385 2379 533 2435 sumserat,
543 2368 634 2427 nimia·
641 2368 798 2426 ¹verborum
807 2366 892 2444 copia
901 2378 1099 2445 exaggeraret,

107 2452 135 2501 'et
148 2442 355 2504 sententiarum
368 2442 482 2505 lumina
495 2446 607 2523 ingenii
621 2446 779 2505 ostentandi
793 2462 882 2505 causa
890 2447 984 2505 nimis
993 2466 1100 2507 coacer·

107 2527 204 2599 vorem
226 2521 391 2582 humaniter
412 2532 481 2583 curn
494 2526 606 2584 monuit
627 2524 854 2593 Melanthum
872 2525 1042 2602 juvenilem
1055 2527 1100 2585 irn-

107 2613 205 2681 petum
218 2600 384 2681 reprimere,
395 2615 428 2671 et,
441 2622 515 2680 quae
528 2604 728 2673 redundarent,
737 2604 820 2682 quasi
831 2616 911 2663 extra
919 2605 1006 2683 ripas
1016 2605 1098 2667 difflu-

107 2680 191 2752 entia,
205 2697 338 2741 coercere
350 2680 483 2751 studeret.
503 2683 611 2761 nujus
625 2684 741 2761 quidem
752 2684 900 2763 'praecepti
910 2686 1064 2745 veritatem
1072 2704 1100 2743 so

104 2757 180 2824 hene
190 2760 323 2836 jamtum
332 2761 501 2839 percepisse,
513 2762 575 2843 ipse
584 2774 666 2841 grato
674 2762 772 2823 animo
781 2764 1101 2841 profitetur-Posido·

106 2839 189 2921 trium
202 2858 324 2918 quoque,
339 2840 556 2923 philosophum,
568 2843 618 2919 qui
629 2841 728 2901 Rhodi
738 2854 805 2909 erat
815 2840 975 2919 diligenter
984 2844 1099 2913 audivit

106 2931 231 2997 eumque
244 2916 275 2979 in
284 2919 491 2999 'philosophiae'
504 2920 598 2981 studio
613 2920 717 2981 ducem
729 2919 865 2983 adhibuit
915 2932 917 2937 '

187 3161 213 3219 8.
238 3160 344 3221 Cicero
355 3182 389 3221 ex
395 3160 635 3241 peregrinatione
650 3160 742 3225 redon
755 3162 788 3224 iu
801 3164 898 3225 erdem
906 3160 1039 3243 saetas.¹

147 3316 273 3377 Biennio
294 3330 460 3397 postquem
476 3320 580 3398 Cicero
596 3323 723 3391 Romam
737 3321 945 3401 serecepisset,
961 3322 1012 3392 ibi,
1028 3323 1100 3385 sicut

104 3406 171 3454 aute
192 3397 460 3473 peregrinationem,
475 3402 507 3459 in
524 3400 586 3459 foro
600 3401 710 3459 versari
729 3414 815 3479 atque
829 3420 939 3463 vcausas
962 3422 1099 3481 peroraro

104 3472 204 3557 eoepit
247 3474 305 3563 Ad.
317 3495 373 3545 eos,
387 3496 511 3553 quorum
531 3498 635 3538 causas
656 3492 719 3539 tum
740 3480 914 3541 Ciceronem
937 3480 1100 3546 defendisse

104 3559 220 3636 emetat
234 3560 355 3624 pertinet
377 3555 503 3613 Roscius
519 3556 692 3625 Comoedua
708 3560 753 3618 vir
764 3570 823 3618 tam
837 3570 899 3618 arte
920 3559 1099 3629 histrionice.

104 3633 196 3711 quam
207 3628 326 3699 ingenio
340 3638 367 3687 et
379 3630 503 3690 aliarum
516 3634 655 3693 virtutum
665 3635 1006 3713 laudeflorentissimua.
1039 3642 1103 3717 dero

104 3694 232 3779 crehnor
244 3712 340 3759 autem
353 3721 508 3775 causarum
522 3710 711 3773 dicendarum
721 3715 823 3777 'oblata
832 3714 884 3790 Mt
895 3712 1054 3788 Ciceroni
1078 3736 1118 3794 o,

181 3996 236 4011 .-

125 3780 192 3834 usto.
214 3789 250 3829 eo
271 3774 445 3842 luculentius
465 3788 704 3864 exsplendeseere
717 3796 810 3873 coepit
834 3793 898 3874 ejus
921 3798 1010 3863 {ama
1026 3818 1141 3893 atque
