2300 4059
344 123 739 185 arcanoscrrnrnsrnn.
991 126 1029 189 δῦ

27 296 182 339 ammai
195 275 398 341 Macedoniam
410 282 517 361 recipit,
526 301 629 341 reram
642 280 728 342 etiam
741 280 827 361 Epiri
841 300 932 361 regno
941 283 1030 343 Alex·

28 358 168 417 andrum
181 359 290 437 spoliat.
333 362 428 420 Tanta
450 362 579 420 fortunae
592 362 714 421 varietas
733 365 808 421 erati
841 362 946 423 Paullo
966 373 1030 440 post

27 448 139 497 tamen
155 439 329 510 Alexander,
350 460 410 498 non
423 442 536 499 minore
555 441 744 518 Epirotarum
766 440 917 512 desiderio,
939 460 1033 521 quam

27 536 166 577 suornm
177 518 295 590 auxilio,
305 519 337 579 in
349 538 475 597 regnum
488 520 652 581 restituitur.

122 708 176 766 aa
193 672 306 766 saraa·
319 716 346 766 a
359 706 804 863 rnmxgtffialrpznpflagoa.
839 706 954 791 (sustin.

76 939 200 999 Mortuo
215 939 317 1019 Syriae
331 959 401 1017 rege
414 940 568 1009 Antiocho,
584 938 730 1010 Seleucus,
745 940 794 1019 qui
809 941 840 1001 in
854 940 916 1019 ejus
931 941 1029 1003 locum

27 1030 226 1087 successerat,
237 1020 391 1097 parricidio
401 1039 548 1089 novercae,
560 1020 720 1079 Ptolemaei
730 1020 844 1090 sororis,
855 1020 1028 1099 inquinatus,

26 1117 50 1155 a
67 1097 241 1157 Ptolemaeo
255 1110 331 1156 terra
343 1098 474 1174 marique
488 1098 578 1157 victus
593 1110 641 1158 est.
685 1101 794 1169 Quum,
816 1118 872 1176 quo
893 1106 927 1159 se'
942 1112 1030 1161 verte·

27 1188 87 1244 ret,
104 1197 165 1235 non
180 1176 303 1245 haberet,
318 1176 455 1236 Antiochi
474 1178 568 1235 fratris
582 1176 725 1237 auxilium
739 1178 879 1257 implorat,
894 1178 987 1241 oblata
1002 1180 1029 1239 ei

28 1256 116 1314 Asia
130 1256 204 1314 inter
218 1256 290 1314 fines
305 1257 396 1315 Tauri
410 1256 523 1326 montis,
533 1259 563 1315 in
572 1256 733 1335 praemium
742 1256 816 1315 latae
824 1258 893 1335 opis.
930 1258 1030 1317 Antio·

28 1334 125 1393 chus¹
146 1345 249 1403 autem,
270 1354 361 1413 quum
381 1346 454 1393 esset
474 1354 565 1393 annos
586 1336 801 1412 quatuordecim
818 1350 914 1405 natus,
941 1356 1030 1415 supra

28 1424 164 1471 aetatem
172 1415 255 1491 regni
266 1413 386 1481 auidus,²
393 1415 543 1473 occasione
552 1426 665 1492 arrepta
674 1414 790 1474 fratrem
804 1434 894 1493 regno
905 1416 1030 1495 spoliare

29 1504 162 1552 conatus
183 1504 231 1551 est.
273 1494 320 1552 Ea
339 1504 503 1571 tempestate
523 1494 621 1551 omnia
648 1492 724 1552 bella
745 1494 776 1554 in
797 1492 918 1554 exitium
938 1494 1030 1554 Asiae

30 1570 223 1647 gerebantur.
270 1570 411 1631 Seleucus
431 1583 458 1630 et
479 1572 643 1631 Antiochus
663 1572 764 1632 fratres
784 1572 895 1633 bellum
914 1584 1030 1667 propter

29 1650 148 1709 Asiam
168 1650 316 1727 gerebant;
339 1649 530 1720 Ptolemaeus,
552 1671 604 1710 rer
617 1652 754 1732 Aegypti,
776 1655 829 1713 sub
843 1672 939 1733 specie
953 1672 1030 1713 soro-

28 1730 102 1787 riae
122 1728 248 1797 ultionis‚
271 1730 361 1788 Asiae
381 1729 524 1789 inhiabat:
547 1730 616 1790 hinc
630 1732 778 1803 Bithynus
792 1734 951 1800 Eumenes,
962 1732 1030 1792 inde

29 1806 123 1867 Galli
135 1808 238 1867 Asiam
247 1807 498 1886 depopulabantur.
521 1808 607 1868 Victo
617 1808 769 1879 Antiocho,
779 1830 871 1889 quum
879 1812 1030 1871 Eumenes

27 1888 182 1964 majorem
196 1886 286 1946 Asiae
305 1898 416 1965 partem
430 1901 604 1965 occupasset,
623 1908 661 1948 ne
675 1900 742 1947 tunc
761 1888 877 1966 quidem
891 1890 991 1949 fratres
1012 1908 1030 1949 a

26 1965 117 2025 bello
131 1966 337 2025 abstinuerunt
373 1963 536 2027 Antiochus
544 1967 644 2036 victus,
656 1987 746 2045 quum
755 1968 877 2047 profugo
885 1986 1030 2047 nusquam

26 2056 118 2103 tutus
140 2046 222 2105 locus
248 2056 328 2115 esset,
356 2044 394 2103 ad
423 2046 623 2105 Ptolemaeum
653 2044 764 2105 hostem
793 2046 929 2139 confugit.
973 2046 1030 2107 Sed

28 2125 227 2185 Ptolemaeus
238 2143 305 2182 eum
314 2124 422 2182 servari
432 2125 591 2184 arctissima
600 2124 728 2184 custodia
734 2124 821 2201 jubet.
854 2126 931 2185 Hmc
943 2146 1030 2207 opera

27 2201 193 2281 cujusdam
201 2198 434 2280 mulieris,‘quam
443 2204 616 2263 familiarius
625 2215 749 2272 noverat,
755 2203 921 2265 custodibus
932 2204 1030 2285 decep

27 2283 79 2351 tis,
94 2280 225 2351 elabitur,
236 2281 315 2357 logie
371 2282 599 2342 nealatronibus
609 2282 784 2343 interficitur.
814 2282 953 2344 Seleucus
961 2303 1030 2361 quo·

27 2381 95 2439 qne
116 2360 221 2419 iisdem
242 2300 460 2429 fermd'di'ebus,
482 2363 589 2420 annsso
610 2363 719 2439 regno,³
740 2382 814 2441 equo
828 2362 1028 2442 praecipitatus

28 2440 115 2499 obiit.
153 2439 201 2499 Sic
215 2440 322 2508 fratres,
332 2440 416 2499 anibo
426 2438 549 2510 exsules,
560 2440 644 2501 ambo
659 2460 750 2518 regno
763 2442 874 2523 privati,
884 2441 1029 2503 similibus

27 2518 165 2588 casibus,
178 2516 323 2579 scelerum
336 2538 457 2579 suorum
469 2540 577 2599 poenas
591 2521 713 2580 luerunt

29 2733 83 2792 59.
108 2730 286 2807 Antigones,
301 2729 441 2806 Philippi
457 2738 542 2798 tutor,
560 2750 683 2805 regnum
697 2730 891 2796 Macedoniae
904 2732 1029 2795 admini-

303 2817 385 2867 strat.
429 2810 545 2890 (Justin
560 2809 713 2869 XXVIII.
724 2811 764 2887 3.)

78 2971 170 3033 Circa
191 2969 242 3030 illa
261 2981 319 3030 tem
357 2989 390 3029 ra
412 2970 587 3041 Demetrius,
601 2990 653 3050 rex
674 2969 870 3044 Macedoniae,
885 2974 1028 3053 Antigoni

31 3055 174 3113 Gonmm
187 3049 272 3118 filius,
287 3068 320 3107 re
331 3048 386 3108 icto
401 3048 461 3109 tilio
477 3050 614 3129 Philippo
628 3051 783 3113 admodum
798 3050 919 3130 parvulo
934 3054 1029 3115 deces-

28 3133 79 3192 sit:
128 3129 186 3189 Oui
200 3129 368 3204 Antigonus
384 3128 494 3188 Doson⁴
512 3138 588 3190 tutor
602 3127 691 3199 datus,
712 3150 779 3190 acce
798 3143 827 3190 ta
840 3132 871 3191 in
885 3134 1034 3203 matrimo,

26 3213 228 3271 niummane
241 3205 352 3285 pupilli,
374 3226 475 3284 regem
492 3228 525 3267 se
537 3210 670 3269 constitui
681 3152 834 3270 laborabat.
878 3213 1028 3288 Interjerto

28 3287 145 3350 deinde
157 3299 291 3364 tempore,
305 3305 396 3363 quum
409 3286 548 3347 seditione
569 3288 676 3347 minaci
695 3286 890 3349 Macedonum
908 3289 1027 3350 clausus

27 3371 66 3430 in
82 3366 169 3443 regia
180 3377 331 3435 teneretur,
351 3365 381 3423 in
396 3366 544 3443 publicum
557 3367 620 3427 sine
633 3367 801 3427 satellitibus
815 3368 951 3446 procedit,
964 3388 1028 3448 pro·

20 3450 171 3527 jactoque
183 3447 213 3504 in
227 3445 335 3521 vulgus
349 3443 509 3504 diademate
521 3467 555 3505 ac
569 3466 705 3527 purpura,
716 3450 788 3506 dore
802 3450 871 3507 baec
880 3468 925 3506 eos
938 3446 1028 3507 alteri

21 3529 124 3606 jubet,
137 3526 188 3601 qui
197 3525 401 3598 outimperore
411 3525 474 3584 illis
482 3528 599 3595 meiat,
614 3536 666 3585 out
680 3528 727 3585 cai
735 3546 839 3601 parere
848 3524 906 3603 ipsi
923 3529 1025 3586 sciant.

28 3609 258 3668 Commemorat
279 3600 382 3661 deinde
398 3602 544 3663 beneficia
555 3626 615 3673 sua,
638 3614 672 3663 ut
689 3604 872 3683 desectionem
886 3606 1027 3665 societati

26 3684 258 3747 medimnis:
287 3691 320 3741 at
335 3681 511 3754 Dardanos,⁵
534 3686 736 3761 Thessalosque
750 3688 925 3744 easultantes
939 3694 1027 3744 stom

30 3762 187 3829 Demetrii
200 3761 281 3840 regis
288 3767 513 3898 griponem,-
532 3762 884 3841 atdeoiqcedignitatem
895 3762 1027 3825 Macedo
