2300 4059
111 140 152 199 bt
409 154 610 201 nimbosus
626 154 798 199 ruennron.

130 296 177 354 ta
205 293 318 358 Uttim
329 292 597 372 manumissam
640 290 753 375 (tuen.
769 289 904 354 mn
917 296 950 354 4.
996 294 1079 355 Cora

397 373 471 451 Nep.
487 372 556 433 Vita
570 374 697 434 Hannib
711 392 735 431 c.
755 375 813 451 12.)
826 455 827 463 ἵ

152 528 309 599 Hannibal,
328 548 419 606 quum
439 530 476 589 ab
495 530 640 591 Antiocho
654 528 788 599 Romani,
802 530 876 588 inter
889 538 1022 589 caeteras
1035 550 1096 590 con·

111 608 233 669 ditiones
261 610 348 687 pacis,
378 608 550 668 deditionem
584 610 646 687 ejus
675 608 864 686 deposcerent,
893 607 1097 685 admonitusa

112 707 189 765 rege,
204 689 320 747 Cretam
334 686 470 764 confugit
514 687 558 747 lbi
571 706 662 764 quum
675 706 708 745 se
727 699 840 765 propter
851 688 961 747 nimias
974 694 1048 765 'opes
1061 689 1097 747 in·

111 768 265 826 vidiosum¹
282 764 397 831 videret.
411 766 554 825 contendit
572 766 609 823 ad
632 766 895 842 Prusiam3,1egem
925 764 1097 845 Bithyniae.

114 846 176 907 Qui
198 841 434 922 quum‘teirestri
476 846 565 903 coelio
579 845 616 903 ab
634 846 770 909 Eumene
783 846 873 903 victus
887 844 973 913 esset,
997 856 1026 901 et
1046 844 1098 903 bel·
1125 868 1132 924 '.

111 922 174 986 tum
194 922 223 981 in
244 939 325 981 mare
344 864 539 992 transtulisse
555 922 705 993 Hannibal
725 941 799 981 novo
819 933 985 981 commento
1000 922 1098 980 auctor
1131 927 1135 956 ⁵

113 1002 248 1061 victoriae
268 1001 328 1060 fuit
379 1002 496 1079 Quippe
515 1021 601 1060 omne
621 1002 795 1079 serpentium
816 1002 918 1077 genus'
945 1002 977 1057 in
1001 1000 1099 1059 fictiles
1133 980 1142 1063 l

112 1081 232 1157 lagenas
252 1080 355 1158 conjici
373 1080 465 1156 jussit,
493 1082 645 1157 medioque
673 1078 781 1157 proelio
809 1081 840 1138 in
860 1090 951 1137 nates
973 1078 1100 1137 hostium

112 1160 192 1219 mitti
235 1158 270 1217 ld
290 1159 416 1235 primum
436 1158 496 1218 illis
508 1159 664 1218 ridiculum
677 1161 780 1218 visum,
822 1157 879 1215 Sed
893 1156 944 1217 ubi
964 1158 1101 1235 serpenti·

112 1238 167 1297 bus
195 1238 300 1315 repleri
329 1256 418 1295 naves
446 1257 572 1316 coepere,
602 1237 719 1315 ancipiti
746 1235 874 1314 periculo
898 1236 1099 1303 circumventi,

113 1316 191 1375 hosti
210 1316 358 1376 victoriam
377 1335 497 1376 cessere
549 1319 635 1378 Quae
655 1317 703 1375 ubi
725 1317 849 1374 Romam
871 1315 1008 1373 nuntiata
1029 1326 1099 1383 sunt,

112 1408 229 1473 sennes
250 1393 360 1472 legatos
381 1394 464 1462 misit,
497 1395 529 1454 ui
548 1407 702 1471 utrumque
723 1413 822 1470 regem
842 1394 870 1453 in
893 1412 1000 1470 pacem
1022 1412 1100 1468 coge

113 1490 183 1542 rent,
207 1473 458 1550 Hannibalemque
477 1415 669 1552 deposcerent.
712 1474 769 1534 His
791 1471 918 1541 Prusias
934 1471 1017 1549 quod
1032 1484 1099 1549 pete

112 1552 188 1619 bant,
210 1571 320 1627 negare
332 1572 390 1611 non
404 1572 500 1621 ausus,
519 1553 637 1629 rogavit,
651 1572 688 1611 ne
701 1551 731 1610 id
752 1572 771 1609 a
791 1570 822 1608 se
835 1547 898 1609 fieri
912 1549 1098 1627 postularent,

113 1628 190 1708 quod
209 1629 347 1687 adversus
363 1629 413 1705 jus
433 1630 549 1708 hospitii
570 1642 659 1709 esset5
689 1628 751 1708 ipsi,
782 1628 805 1688 si
827 1639 949 1705 possent,
972 1648 1100 1705 compre-

113 1708 288 1785 henderent;
310 1708 414 1778 locum,
436 1709 485 1769 ubi
512 1721 593 1779 esset,
622 1708 706 1767 facile
731 1708 903 1765 inventuros.
950 1706 1099 1767 Hannibal

113 1790 192 1848 enim
212 1806 271 1845 uno
292 1786 355 1846 loco
375 1806 408 1845 se
426 1788 537 1847 tenebat
557 1790 588 1847 in
608 1787 732 1855 castello,
753 1785 829 1862 quod
842 1787 869 1849 ei
884 1806 902 1843 a
914 1802 989 1861 rege
1003 1785 1100 1843 datum
1145 1804 1146 1841 t

113 1880 173 1926 erat
193 1866 315 1933 muneri,
341 1862 427 1942 idque
447 1867 488 1925 sic
509 1866 679 1936 aedificarat,
708 1876 740 1925 ut
765 1864 794 1925 in
815 1862 950 1923 omnibus
971 1862 1100 1941 partibus

113 1945 235 2005 aedilicii
257 1946 364 2014 exitum
385 1944 586 2021 sibi'haberet;
609 1962 722 2022 semper
743 1962 851 2012 verens,
873 1962 911 2009 ne
934 1960 991 2001 usu
1007 1941 1100 2001 eveni-

113 2038 163 2093 ret,
177 2024 261 2101 *quod
281 2022 390 2094 accidit.
434 2025 503 2083 Huc
519 2027 611 2101 'quum
625 2024 710 2101 legati
725 2024 925 2089 Romanorum
947 2022 1100 2090 venissent,

113 2124 148 2163 ac
168 2102 350 2163 multitudine
371 2102 489 2160 domum
508 2102 570 2178 ejus
590 2100 851 2168 circumdedissent,
880 2118 954 2176 puer
973 2119 993 2157 a
1010 2101 1101 2177 janua

113 2182 291 2261 prospiciens
309 2180 469 2240 Hannibali
483 2179 559 2249 dixit,
574 2179 672 2257 plures
685 2191 796 2257 praeter
806 2176 1045 2237 consuetudinem
1059 2197 1101 2235 ar·

113 2272 205 2320 matos
217 2278 363 2336 apparere.
407 2261 468 2321 Qui
488 2260 638 2337 imperavit
659 2258 693 2327 ei,
715 2269 745 2316 ut
765 2272 864 2316 omnes
885 2256 960 2315 iores
974 2257 1100 2315 aedificii

113 2339 285 2403 circumiret,
299 2356 333 2395 ac
347 2351 467 2415 propere
480 2338 534 2397 sibi
548 2338 729 2403 renuntiaret,
748 2356 819 2394 num
833 2334 933 2395 eodem
948 2334 1036 2394 modo
1051 2355 1100 2393 un·
1144 2334 1145 2403 f

114 2417 207 2492 dique·
221 2415 404 2474 obsideretur.
447 2417 526 2475 Puer
545 2435 635 2493 quum
656 2434 756 2474 omnes
776 2416 868 2473 exitus
888 2426 1044 2491 occupatos
1059 2433 1099 2472 os·

113 2493 256 2560 tendisset
279 2494 366 2550 sensit
389 2493 418 2552 id
431 2512 489 2554 non
512 2494 624 2553 fortuito
647 2494 759 2560 factum,
774 2512 836 2553 sese
850 2491 914 2569 peti,
935 2511 1032 2569 neque
1046 2491 1099 2551 sibi

114 2572 222 2633 diutius
251 2571 338 2629 vitam
368 2590 432 2630 esse
460 2571 645 2631 retinendam.
677 2574 787 2639 ,Quam
806 2590 852 2629 ne
864 2570 960 2629 alieno
981 2572 1097 2630 arbitrio

114 2650 272 2718 dimitteret,
287 2669 396 2708 memor
410 2652 596 2727 pristinarum
609 2654 753 2721 virtutum,
767 2652 918 2717 venerium,
936 2648 1015 2727 quod
1029 2668 1100 2709 sem·

114 2750 166 2811 per
179 2748 278 2789 secum
291 2729 397 2788 habere
409 2741 604 2798 consueverat,
617 2730 725 2788 sumsit.

135 2904 182 2962 tt.
203 2901 329 2960 Perseus
343 2920 362 2959 a
375 2900 518 2961 Romanis
530 2902 641 2970 victum
663 2898 839 2961 Macedonio
852 2899 885 2957 in
894 2898 1069 2975 provinciae

234 2978 315 3039 Rom.
324 2978 453 3058 formam
467 2982 595 3040 reductu.
638 2978 720 3061 (Just.
736 2976 886 3039 mul.
901 2981 929 3101 ὲ,
944 2978 985 3054 2.)

154 3137 221 3196 Jain
234 3134 455 3194 Macedonicum
467 3134 576 3196 bellum
595 3139 709 3194 summa
722 3133 852 3193 omnium
865 3132 973 3192 virium
985 3144 1102 3192 conten·
1142 3160 1143 3167 ¹

114 3215 221 3287 tiones
237 3215 378 3273 Romanis
392 3217 455 3290 geri
468 3227 601 3292 coeptum
620 3216 668 3273 est'.
712 3214 812 3273 Prima
825 3212 953 3289 equitum
966 3230 1104 3288 congres-

115 3295 161 3354 sio
181 3294 241 3360 fuit,
266 3312 323 3369 qua
345 3294 469 3352 Perseus
489 3294 579 3353 victor
599 3293 779 3369 suspensam³
797 3291 936 3351 omnium
957 3302 1104 3368 exspecta·

114 3374 223 3433 tionem
245 3373 275 3431 in
290 3372 342 3429 sui‘
354 3372 479 3432 favorem
492 3372 592 3449 traxit3
613 3371 692 3429 r'nisit
703 3370 922 3446 tamenlegatos
942 3367 980 3427 ed
1001 3388 1103 3427 consu·

116 3450 182 3516 lem,
202 3451 254 3526 qui
267 3466 366 3527 pacem
381 3461 512 3527 peterent,
526 3470 614 3527 quam
628 3451 699 3527 patri
719 3468 772 3509 suo
787 3449 913 3508 Romani
926 3447 1012 3505 etiem
1028 3449 1103 3507 victo

116 3528 266 3596 dedissem,
281 3529 425 3605 impensas
437 3529 507 3587 belli
526 3529 597 3606 lege·
606 3527 681 3586 victi⁴
694 3538 885 3605 suscepturus.
927 3525 984 3585 Sed
997 3525 1103 3585 consul

116 3605 264 3680 Sulpicius
277 3607 445 3663 nonminus
461 3626 572 3681 graves,
588 3625 679 3681 quam
693 3606 784 3675 vieti),⁵
804 3607 884 3683 leges
898 3604 975 3664 dixit.
1022 3605 1105 3664 Dum

117 3680 189 3738 lineo
209 3697 341 3757 aguntur,
364 3685 490 3741 Romani
511 3684 671 3742 Aemilium
692 3686 818 3745 Paulum
832 3685 983 3744 consulem
996 3696 1104 3755 creant,
1141 3734 1142 3739 ,

117 3757 201 3832 eique
221 3771 300 3815 extra
328 3760 458 3818 ordinem
479 3761 700 3822 Macedonicum
720 3763 829 3825 bellum
851 3763 1025 3842 decernunt3
1054 3762 1105 3842 qui
1141 3740 1142 3831 l

1139 3974 1141 4028 l
