2300 4059
1143 86 1145 101 l

1143 112 1145 121 r

1143 126 1145 135 ι

137 323 183 385 ⁶⁸·
205 320 365 383 Antioche
374 320 460 398 pacis
473 320 558 397 heta
572 338 593 379 a
606 319 749 381 Romanas
762 320 896 389 dictatas,
913 316 1059 395 repudiat.
1143 292 1145 369 l

442 398 556 482 (lustin.
572 395 692 459 XXXI,
708 398 748 476 7,)
1142 434 1145 461 ¹

103 98 146 161 ω
403 108 606 161 noweroit
620 110 792 153 ruinarum
852 101 857 111 '

145 557 249 618 Norae
261 556 349 635 hujus
363 554 498 615 victoriae
507 555 584 615 fama
592 554 720 615 nondum
731 556 858 614 Romam
866 564 996 625 venerat,
1006 572 1093 631 quum

100 636 161 715 jam
177 637 287 697 Lucius
301 634 397 713 Scipio
411 634 512 694 consul
522 646 633 694 creatus
646 646 728 703 esset,
740 635 788 711 qui
797 633 908 693 bellum
920 633 952 691 in
963 632 1041 693 Asia
1052 652 1094 711 ge
1144 650 1145 653 ’

104 727 184 778 reret.
229 715 309 776 Huic
323 714 405 773 datur
418 715 447 774 le
485 714 625 773 tusfrater
635 713 799 781 Africanus,
810 714 856 772 cui
869 712 967 771 Poeni
978 722 1006 771 et
1018 714 1094 772 Han·

103 794 182 854 nibal
191 794 317 873 superati
325 812 431 852 nomen
442 734 571 851 lge‘cerant.
605 792 828 869 Trajicientibus
837 797 937 850 au'tem
948 791 981 849 in
996 792 1095 851 Asiam

103 876 261 933 exercitum
271 872 460 951 Scipionibus.
472 872 533 949 jam
541 870 691 949 utrobique
700 872 885 949 profligatum
899 869 1019 929 bellun.
1029 890 1095 928 nun·
1144 904 1145 929 r

103 951 202 1011 tiatum
218 964 266 1023 est,
279 952 444 1029 rictumque
455 952 633 1010 Antiochum
643 950 775 1018 terrestri,
786 949 992 1011 Hannibalern
1002 948 1094 1009 navali
1144 938 1145 961 ¹

102 1031 180 1091 bello
189 1031 368 1091 invenerunt.
411 1030 512 1089 Primo
525 1031 614 1107 igitur
622 1028 744 1087 adventu
755 1050 856 1087 eorum
864 1028 981 1107 legatos
997 1048 1096 1107 pacem

103 1122 229 1189 petentes
241 1110 278 1169 ad
298 1130 346 1169 eos
368 1110 531 1169 Antiochus
549 1108 639 1179 mittit,
661 1108 807 1187 peculiare
827 1107 939 1167 donum
954 1108 1095 1167 Africano

104 1190 226 1250 serentes
240 1189 332 1267 ipsius
340 1188 441 1257 filium,
452 1207 538 1265 quem
551 1208 603 1247 rex
616 1207 704 1267 parvo
715 1188 831 1265 navigio
844 1187 1043 1263 trajicientenr
1057 1206 1096 1245 ce

103 1280 190 1348 perat.
233 1270 329 1347 Leges
349 1268 429 1349 pacis
443 1267 591 1325 dicuntur:
620 1268 718 1327 Utres
731 1268 808 1325 Ario
821 1266 968 1325 Romanis
977 1268 1094 1335 cederet,
1144 1288 1145 1349 l

105 1356 348 1424 contentusreguo
354 1347 460 1423 Syriae
469 1356 544 1414 esset,
555 1367 642 1405 nunes
650 1346 801 1406 universus
808 1346 945 1413 traderet,
958 1355 1094 1405 sumtum·

104 1446 158 1504 qua
171 1447 278 1486 omnem
294 1426 361 1487 belli
385 1426 527 1485 Romanis
546 1422 715 1484 restitueret.
758 1426 844 1486 Quae
857 1444 950 1502 quum
964 1422 1094 1483 nuntiata
1144 1428 1145 1443 ¹

104 1504 250 1565 Antiocho
260 1518 361 1573 essent,
375 1506 500 1564 nondam
515 1506 561 1564 ito
573 1525 602 1563 se
613 1507 719 1565 victum
729 1524 785 1563 esse
798 1501 953 1583 respondit,
963 1513 1000 1564 ut
1014 1502 1094 1581 spoli·
1144 1458 1145 1545 i

105 1586 155 1646 ari
168 1604 196 1643 se
210 1604 302 1661 regno
311 1592 470 1661 poteretur.

196 1757 243 1816 69.
265 1754 381 1835 Magno
391 1754 503 1833 proelio
515 1756 653 1817 vincitur.
683 1754 810 1837 ¹(Iustin.
825 1752 945 1815 XXXL
961 1754 1004 1832 8.)

145 1914 240 1993 Igitur
259 1933 351 1993 quum
379 1914 415 1974 ab
435 1913 564 1991 utrisque
592 1910 702 1973 bellurn
731 1923 886 1991 pararetur,
907 1910 1095 1989 ingressique

104 1986 209 2073 Asiam
224 1992 350 2053 Romani
372 1990 629 2063 Ilionlvenissont,
643 2004 742 2052 mutua
763 1990 915 2069 gratulatio
938 1990 1095 2053 Iliensium

103 2092 138 2132 ac
153 2072 353 2131 Romanorum
366 2071 426 2141 luit,
436 2070 598 2142 Iliensibus,
611 2075 738 2131 Aeneam
748 2078 924 2146 caeterosque
934 2072 1021 2129 duces
1031 2090 1094 2130 cam
1141 2102 1144 2149 l

105 2146 136 2208 ἑο
151 2171 170 2209 o
184 2172 211 2209 se
222 2151 364 2228 prosector
372 2173 382 2219 ,·
404 2150 553 2220 Romanis,
563 2171 592 2210 re
607 2153 642 2209 ab
656 2152 701 2211 tts
718 2158 892 2227 procreatos,
904 2146 1094 2211 referentibus

105 2228 257 2305 Tantaque
276 2229 381 2289 laetitia
398 2230 529 2287 omnium
541 2229 602 2297 fuit,
617 2240 722 2305 quanta
736 2247 799 2286 esse
812 2241 874 2305 post
888 2229 1013 2304 longum
1026 2238 1095 2285 tem-

103 2326 159 2386 pus
180 2308 253 2366 inter
265 2320 397 2385 parentes
410 2319 437 2367 et
456 2308 561 2367 liberos
575 2306 655 2367 solet.
698 2307 837 2366 Proiectis
851 2305 886 2365 ab
909 2305 964 2369 Ilio
987 2307 1095 2365 Rorna-

103 2386 158 2453 nis,
180 2384 332 2446 Eumenes
359 2406 411 2445 rex
431 2406 499 2445 curn
520 2384 641 2445 auxiliis
672 2385 811 2461 occurrit;
841 2404 895 2443 nec
916 2384 1010 2443 multo
1031 2394 1095 2461 post

103 2460 247 2542 proelium
267 2484 335 2523 cum
348 2464 493 2524 Antioc-ho
512 2465 720 2523 commissum.²
761 2465 864 2525 Quum
884 2464 915 2522 in
933 2462 1095 2541 dexteriore

103 2560 196 2603 cornu
216 2542 301 2620 pulsa
321 2542 397 2620 legio
419 2543 553 2603 Romana
573 2542 611 2601 ad
631 2554 724 2601 castra
737 2536 856 2619 fugeret
878 2542 919 2601 M.
935 2541 1092 2612 Aemilius,
1143 2566 1144 2577 ¹

103 2621 236 2683 tribunus
255 2621 387 2690 militum,
409 2621 585 2681 adtutelam
606 2634 766 2681 castrorum
786 2620 909 2689 relictus
924 2640 1043 2679 amare
1066 2640 1094 2679 se

104 2702 212 2763 sitires
220 2722 284 2761 ratos
298 2712 325 2760 et
338 2711 422 2761 extra
433 2704 547 2762 nouam
558 2698 702 2777 progredi
710 2701 799 2777 jabet,
814 2694 975 2777 strictisque
982 2698 1095 2777 gladiis

103 2780 281 2857 fugientibus
289 2781 400 2849 minari,
411 2782 571 2847 morituros,
579 2782 637 2839 nisi
644 2780 826 2859 depraeliatur
833 2788 1037 2848 revertentem
1051 2780 1097 2838 ira·
1143 2782 1144 2821 t

98 2859 278 2937 fortiumque
296 2880 358 2928 aaa,
379 2880 465 2935 qaam
485 2861 607 2918 hostium
629 2868 733 2925 oestro,
748 2860 920 2917 inventuros.
963 2858 1096 2918 Attonita

103 2948 164 2997 tarn
177 2938 324 3014 ambiguo⁸
337 2938 464 3015 periculo
486 2937 564 3015 legio
585 2938 616 2996 in
637 2936 780 3017 proelium
801 2937 959 3006 revertitur,
973 2956 1097 3014 magna-

104 3034 162 3093 que
174 3016 263 3075 eaeda
274 3016 356 3086 edita,
370 3017 485 3076 initium
499 3017 635 3077 victoriae
647 3016 706 3076 suit.
750 3016 843 3076 Caesa
863 3016 990 3077 hostiurn
1013 3015 1097 3093 quin·

104 3095 243 3172 quaginta
271 3094 371 3165 millia,
392 3108 475 3174 carta
495 3096 645 3166 undecim,¹
690 3096 836 3157 Antiocho
855 3111 957 3175 pacem
985 3097 1096 3173 petenti

104 3172 182 3233 nihil
195 3174 231 3232 ad
241 3175 404 3251 superiores
411 3176 588 3255 conditiones
597 3174 740 3236 additum:
765 3174 1096 3257 capescimatesinter

104 3254 200 3314 socios
211 3251 337 3313 divisere
350 3254 483 3313 Romani.

108 3418 153 3484 7'0.
176 3424 541 3487 Aetoliollomoaisoicti.
563 3428 781 3489 Actaeorumu
790 3404 999 3487 Messeniorum
1011 3426 1095 3487 bella

359 3504 472 3583 (Justin.
487 3505 590 3595 XXX
607 3509 632 3564 4.
648 3504 782 3569 XXXII.
803 3504 842 3585 1.)

150 3654 264 3721 Aetoli‚⁴
276 3657 327 3731 qui
348 3658 490 3717 Romanis
503 3660 613 3729 offensi,
628 3661 705 3737 quod
717 3616 777 3722 non
790 3683 907 3723 omnem
929 3662 1101 3725 Macedoni·

109 3747 159 3787 am
172 3730 309 3809 Philippo
326 3733 469 3795 ademtam
489 3738 560 3815 ipsis
574 3738 723 3813 dedissent,
738 3742 920 3805 Antiochum
941 3744 973 3808 in
987 3744 1101 3807 bellum
1142 3756 1143 3805 ξ
