<?xml version="1.0" encoding="UTF-8"?>
<!DOCTYPE html PUBLIC "-//W3C//DTD XHTML 1.0 Transitional//EN"
    "http://www.w3.org/TR/xhtml1/DTD/xhtml1-transitional.dtd">
<html xmlns="http://www.w3.org/1999/xhtml" xml:lang="en" lang="en">
 <head>
  <title>
</title>
<meta http-equiv="Content-Type" content="text/html;charset=utf-8" />
  <meta name='ocr-system' content='tesseract 3.04.00' />
  <meta name='ocr-capabilities' content='ocr_page ocr_carea ocr_par ocr_line ocrx_word'/>
</head>
<body>
  <div class='ocr_page' id='page_1' title='image "./latinreader01drgoog/latinreader01drgoog_0037.png"; bbox 0 0 2300 4059; ppageno 0'>
   <div class='ocr_carea' id='block_1_1' title="bbox 112 553 996 625">
    <p class='ocr_par' dir='ltr' id='par_1_1' title="bbox 112 553 996 625">
     <span class='ocr_line' id='line_1_1' title="bbox 112 553 996 625; baseline 0.014 -10"><span class='ocrx_word' id='word_1_1' title='bbox 112 582 116 589; x_wconf 91' lang='lat'>·</span> <span class='ocrx_word' id='word_1_2' title='bbox 195 553 249 617; x_wconf 83' lang='lat' dir='ltr'>m</span> <span class='ocrx_word' id='word_1_3' title='bbox 291 553 647 620; x_wconf 78' lang='lat' dir='ltr'>MYTHOLOGIOAL</span> <span class='ocrx_word' id='word_1_4' title='bbox 665 558 903 625; x_wconf 69' lang='lat' dir='ltr'>Emodus.</span> <span class='ocrx_word' id='word_1_5' title='bbox 991 577 996 593; x_wconf 86' lang='lat'><strong>·</strong></span> 
     </span>
    </p>
   </div>
   <div class='ocr_carea' id='block_1_2' title="bbox 98 1031 1036 1113">
    <p class='ocr_par' dir='ltr' id='par_1_2' title="bbox 98 1031 1036 1113">
     <span class='ocr_line' id='line_1_2' title="bbox 98 1031 1036 1113; baseline 0.014 -23"><span class='ocrx_word' id='word_1_6' title='bbox 98 1033 118 1090; x_wconf 88' lang='lat' dir='ltr'>l.</span> <span class='ocrx_word' id='word_1_7' title='bbox 141 1031 276 1101; x_wconf 73' lang='lat' dir='ltr'>Cadmus,</span> <span class='ocrx_word' id='word_1_8' title='bbox 287 1033 437 1110; x_wconf 76' lang='lat' dir='ltr'>Agenoris</span> <span class='ocrx_word' id='word_1_9' title='bbox 447 1033 533 1104; x_wconf 80' lang='lat' dir='ltr'>finus,</span> <span class='ocrx_word' id='word_1_10' title='bbox 543 1033 621 1113; x_wconf 90' lang='lat' dir='ltr'>quod</span> <span class='ocrx_word' id='word_1_11' title='bbox 633 1032 807 1105; x_wconf 77' lang='lat' dir='ltr'>draconem¹</span> <span class='ocrx_word' id='word_1_12' title='bbox 820 1037 926 1098; x_wconf 78' lang='lat' dir='ltr'>Mortis</span> <span class='ocrx_word' id='word_1_13' title='bbox 932 1038 1036 1113; x_wconf 81' lang='lat' dir='ltr'>filium.</span> 
     </span>
    </p>
   </div>
   <div class='ocr_carea' id='block_1_3' title="bbox 35 1106 1039 1907">
    <p class='ocr_par' dir='ltr' id='par_1_3' title="bbox 56 1106 1039 1350">
     <span class='ocr_line' id='line_1_3' title="bbox 59 1106 1038 1199; baseline 0.016 -33"><span class='ocrx_word' id='word_1_14' title='bbox 59 1107 135 1199; x_wconf 70' lang='lat' dir='ltr'>fontis</span> <span class='ocrx_word' id='word_1_15' title='bbox 147 1106 297 1190; x_wconf 80' lang='lat' dir='ltr'>cujusdam</span> <span class='ocrx_word' id='word_1_16' title='bbox 315 1114 346 1173; x_wconf 91' lang='lat' dir='ltr'>in</span> <span class='ocrx_word' id='word_1_17' title='bbox 360 1114 480 1175; x_wconf 80' lang='lat' dir='ltr'>Boeotis</span> <span class='ocrx_word' id='word_1_18' title='bbox 492 1113 647 1183; x_wconf 80' lang='lat' dir='ltr'>custodem</span> <span class='ocrx_word' id='word_1_19' title='bbox 660 1113 809 1186; x_wconf 79' lang='lat' dir='ltr'>occideret,</span> <span class='ocrx_word' id='word_1_20' title='bbox 823 1135 938 1179; x_wconf 85' lang='lat' dir='ltr'>onmem</span> <span class='ocrx_word' id='word_1_21' title='bbox 951 1138 1038 1181; x_wconf 85' lang='lat' dir='ltr'>susm</span> 
     </span>
     <span class='ocr_line' id='line_1_4' title="bbox 57 1192 1039 1278; baseline 0.013 -32"><span class='ocrx_word' id='word_1_22' title='bbox 57 1194 170 1278; x_wconf 66' lang='lat' dir='ltr'>prolem*</span> <span class='ocrx_word' id='word_1_23' title='bbox 182 1192 362 1251; x_wconf 75' lang='lat' dir='ltr'>interemtam</span> <span class='ocrx_word' id='word_1_24' title='bbox 375 1193 452 1262; x_wconf 81' lang='lat' dir='ltr'>vidit,</span> <span class='ocrx_word' id='word_1_25' title='bbox 475 1206 501 1252; x_wconf 89' lang='lat' dir='ltr'>et</span> <span class='ocrx_word' id='word_1_26' title='bbox 514 1193 578 1272; x_wconf 78' lang='lat' dir='ltr'>ipse</span> <span class='ocrx_word' id='word_1_27' title='bbox 590 1212 658 1253; x_wconf 89' lang='lat' dir='ltr'>oum</span> <span class='ocrx_word' id='word_1_28' title='bbox 674 1194 844 1265; x_wconf 74' lang='lat' dir='ltr'><strong>Harmonia,</strong></span> <span class='ocrx_word' id='word_1_29' title='bbox 864 1216 956 1259; x_wconf 84' lang='lat' dir='ltr'>uxore</span> <span class='ocrx_word' id='word_1_30' title='bbox 973 1200 1039 1271; x_wconf 55' lang='lat' dir='ltr'>suu}</span> 
     </span>
     <span class='ocr_line' id='line_1_5' title="bbox 56 1270 920 1350; baseline 0.01 -23"><span class='ocrx_word' id='word_1_31' title='bbox 56 1282 84 1327; x_wconf 85' lang='lat' dir='ltr'>tn</span> <span class='ocrx_word' id='word_1_32' title='bbox 96 1270 238 1350; x_wconf 80' lang='lat' dir='ltr'>Illyriem⁸</span> <span class='ocrx_word' id='word_1_33' title='bbox 250 1271 331 1349; x_wconf 81' lang='lat' dir='ltr'>fugit,</span> <span class='ocrx_word' id='word_1_34' title='bbox 344 1272 395 1333; x_wconf 89' lang='lat' dir='ltr'>uhi</span> <span class='ocrx_word' id='word_1_35' title='bbox 408 1272 492 1333; x_wconf 81' lang='lat' dir='ltr'>ambo</span> <span class='ocrx_word' id='word_1_36' title='bbox 505 1272 535 1331; x_wconf 91' lang='lat' dir='ltr'>in</span> <span class='ocrx_word' id='word_1_37' title='bbox 551 1272 689 1338; x_wconf 68' lang='lat' dir='ltr'>dracones</span> <span class='ocrx_word' id='word_1_38' title='bbox 702 1276 834 1335; x_wconf 79' lang='lat' dir='ltr'>conversi</span> <span class='ocrx_word' id='word_1_39' title='bbox 847 1287 920 1337; x_wconf 84' lang='lat' dir='ltr'>sunt.</span> 
     </span>
    </p>

    <p class='ocr_par' dir='ltr' id='par_1_4' title="bbox 35 1350 1037 1678">
     <span class='ocr_line' id='line_1_6' title="bbox 89 1350 1037 1436; baseline 0.008 -29"><span class='ocrx_word' id='word_1_40' title='bbox 89 1353 114 1408; x_wconf 81' lang='lat'>2.</span> <span class='ocrx_word' id='word_1_41' title='bbox 136 1354 277 1424; x_wconf 68' lang='lat' dir='ltr'>Amycus,</span> <span class='ocrx_word' id='word_1_42' title='bbox 300 1352 429 1431; x_wconf 84' lang='lat' dir='ltr'>Neptuni</span> <span class='ocrx_word' id='word_1_43' title='bbox 443 1350 528 1421; x_wconf 85' lang='lat' dir='ltr'>filius,</span> <span class='ocrx_word' id='word_1_44' title='bbox 546 1368 598 1411; x_wconf 81' lang='lat' dir='ltr'>rex</span> <span class='ocrx_word' id='word_1_45' title='bbox 611 1351 792 1431; x_wconf 75' lang='lat' dir='ltr'>Bebryciae,⁴</span> <span class='ocrx_word' id='word_1_46' title='bbox 803 1374 912 1424; x_wconf 74' lang='lat' dir='ltr'>omnes,</span> <span class='ocrx_word' id='word_1_47' title='bbox 933 1356 984 1436; x_wconf 90' lang='lat' dir='ltr'>qui</span> <span class='ocrx_word' id='word_1_48' title='bbox 1003 1356 1037 1419; x_wconf 81' lang='lat' dir='ltr'>in</span> 
     </span>
     <span class='ocr_line' id='line_1_7' title="bbox 54 1427 1036 1571; baseline 0.008 -86"><span class='ocrx_word' id='word_1_49' title='bbox 54 1427 109 1517; x_wconf 68' lang='lat' dir='ltr'>ejus</span> <span class='ocrx_word' id='word_1_50' title='bbox 122 1432 384 1568; x_wconf 66' lang='lat' dir='ltr'>reguudrenissent¹</span> <span class='ocrx_word' id='word_1_51' title='bbox 399 1430 519 1515; x_wconf 82' lang='lat' dir='ltr'>eogebet</span> <span class='ocrx_word' id='word_1_52' title='bbox 531 1430 793 1571; x_wconf 43' lang='lat' dir='ltr'>&amp;wibuffilm</span> <span class='ocrx_word' id='word_1_53' title='bbox 809 1434 986 1521; x_wconf 79' lang='lat' dir='ltr'>contendere,</span> <span class='ocrx_word' id='word_1_54' title='bbox 1007 1448 1036 1499; x_wconf 89' lang='lat' dir='ltr'>et</span> 
     </span>
     <span class='ocr_line' id='line_1_8' title="bbox 35 1510 1037 1678; baseline 0.006 -33"><span class='ocrx_word' id='word_1_55' title='bbox 35 1573 37 1578; x_wconf 93' lang='grc'><strong><em>·</em></strong></span> <span class='ocrx_word' id='word_1_56' title='bbox 53 1510 1037 1678; x_wconf 41' lang='lat' dir='ltr'>ututtmtdltmlumniumm1³⁰*oe</span> 
     </span>
    </p>

    <p class='ocr_par' dir='ltr' id='par_1_5' title="bbox 52 1668 1036 1907">
     <span class='ocr_line' id='line_1_9' title="bbox 86 1668 1036 1747; baseline 0.006 -22"><span class='ocrx_word' id='word_1_57' title='bbox 86 1672 110 1726; x_wconf 88' lang='grc'>3.</span> <span class='ocrx_word' id='word_1_58' title='bbox 134 1670 205 1728; x_wconf 88' lang='lat' dir='ltr'>Otos</span> <span class='ocrx_word' id='word_1_59' title='bbox 219 1680 246 1727; x_wconf 87' lang='lat' dir='ltr'>et</span> <span class='ocrx_word' id='word_1_60' title='bbox 260 1668 420 1747; x_wconf 78' lang='lat' dir='ltr'><strong>Ephialtes,</strong></span> <span class='ocrx_word' id='word_1_61' title='bbox 443 1670 530 1730; x_wconf 82' lang='lat' dir='ltr'>Aloei</span> <span class='ocrx_word' id='word_1_62' title='bbox 545 1668 606 1736; x_wconf 81' lang='lat' dir='ltr'>filii.</span> <span class='ocrx_word' id='word_1_63' title='bbox 627 1669 703 1729; x_wconf 85' lang='lat' dir='ltr'>miro</span> <span class='ocrx_word' id='word_1_64' title='bbox 714 1670 926 1747; x_wconf 71' lang='lat' dir='ltr'>mugnimdine&#39;</span> <span class='ocrx_word' id='word_1_65' title='bbox 945 1672 1036 1737; x_wconf 74' lang='lat' dir='ltr'>misse</span> 
     </span>
     <span class='ocr_line' id='line_1_10' title="bbox 52 1742 1034 1827; baseline 0.007 -22"><span class='ocrx_word' id='word_1_66' title='bbox 52 1742 185 1807; x_wconf 84' lang='lat' dir='ltr'>dicuntur.</span> <span class='ocrx_word' id='word_1_67' title='bbox 230 1750 310 1808; x_wconf 81' lang='lat' dir='ltr'>N&#39;om</span> <span class='ocrx_word' id='word_1_68' title='bbox 323 1748 448 1827; x_wconf 81' lang='lat' dir='ltr'>singulis</span> <span class='ocrx_word' id='word_1_69' title='bbox 462 1747 610 1809; x_wconf 88' lang='lat' dir='ltr'>mensibus</span> <span class='ocrx_word' id='word_1_70' title='bbox 622 1766 727 1807; x_wconf 85' lang='lat' dir='ltr'>novem</span> <span class='ocrx_word' id='word_1_71' title='bbox 740 1746 848 1825; x_wconf 68' lang='lat' dir='ltr'>digitis⁸</span> <span class='ocrx_word' id='word_1_72' title='bbox 860 1752 1034 1813; x_wconf 78' lang='lat' dir='ltr'>ereseebont</span> 
     </span>
     <span class='ocr_line' id='line_1_11' title="bbox 53 1823 1035 1907; baseline 0.004 -22"><span class='ocrx_word' id='word_1_73' title='bbox 53 1823 144 1904; x_wconf 77' lang='lat' dir='ltr'>Itaque</span> <span class='ocrx_word' id='word_1_74' title='bbox 164 1846 256 1907; x_wconf 88' lang='lat' dir='ltr'>quum</span> <span class='ocrx_word' id='word_1_75' title='bbox 277 1838 370 1887; x_wconf 85' lang='lat' dir='ltr'>essent</span> <span class='ocrx_word' id='word_1_76' title='bbox 391 1826 544 1893; x_wconf 74' lang='lat' dir='ltr'>annorum’</span> <span class='ocrx_word' id='word_1_77' title='bbox 564 1844 677 1894; x_wconf 82' lang='lat' dir='ltr'>novem,</span> <span class='ocrx_word' id='word_1_78' title='bbox 699 1828 730 1888; x_wconf 89' lang='lat' dir='ltr'>in</span> <span class='ocrx_word' id='word_1_79' title='bbox 751 1828 866 1888; x_wconf 85' lang='lat' dir='ltr'>coelum</span> <span class='ocrx_word' id='word_1_80' title='bbox 877 1829 1035 1892; x_wconf 78' lang='lat' dir='ltr'>escendere</span> 
     </span>
    </p>
   </div>
   <div class='ocr_carea' id='block_1_4' title="bbox 52 1903 1130 1975">
    <p class='ocr_par' dir='ltr' id='par_1_6' title="bbox 52 1903 1130 1975">
     <span class='ocr_line' id='line_1_12' title="bbox 52 1903 1130 1975; baseline 0.003 -12"><span class='ocrx_word' id='word_1_81' title='bbox 52 1918 110 1963; x_wconf 85' lang='lat' dir='ltr'>sunt</span> <span class='ocrx_word' id='word_1_82' title='bbox 119 1907 232 1965; x_wconf 78' lang='lat' dir='ltr'>conati·</span> <span class='ocrx_word' id='word_1_83' title='bbox 257 1908 327 1967; x_wconf 91' lang='lat' dir='ltr'>Huo</span> <span class='ocrx_word' id='word_1_84' title='bbox 340 1906 395 1967; x_wconf 82' lang='lat' dir='ltr'>sini</span> <span class='ocrx_word' id='word_1_85' title='bbox 409 1906 518 1967; x_wconf 78' lang='lat' dir='ltr'>aditum</span> <span class='ocrx_word' id='word_1_86' title='bbox 531 1906 573 1964; x_wconf 88' lang='lat' dir='ltr'>sio</span> <span class='ocrx_word' id='word_1_87' title='bbox 587 1904 733 1974; x_wconf 73' lang='lat' dir='ltr'>faciebant.</span> <span class='ocrx_word' id='word_1_88' title='bbox 747 1917 779 1965; x_wconf 89' lang='lat' dir='ltr'>ut</span> <span class='ocrx_word' id='word_1_89' title='bbox 790 1917 918 1966; x_wconf 89' lang='lat' dir='ltr'>montem</span> <span class='ocrx_word' id='word_1_90' title='bbox 928 1910 1035 1975; x_wconf 71' lang='lat' dir='ltr'>Ossam</span> <span class='ocrx_word' id='word_1_91' title='bbox 1128 1903 1130 1910; x_wconf 53' lang='lat'><strong><em>⁴</em></strong></span> 
     </span>
    </p>
   </div>
   <div class='ocr_carea' id='block_1_5' title="bbox 52 1985 1035 2383">
    <p class='ocr_par' dir='ltr' id='par_1_7' title="bbox 52 1985 1035 2383">
     <span class='ocr_line' id='line_1_13' title="bbox 52 1985 1035 2065; baseline 0.006 -24"><span class='ocrx_word' id='word_1_92' title='bbox 52 2000 129 2062; x_wconf 87' lang='lat' dir='ltr'>super</span> <span class='ocrx_word' id='word_1_93' title='bbox 150 1985 275 2047; x_wconf 69' lang='lat' dir='ltr'>Pelion·</span> <span class='ocrx_word' id='word_1_94' title='bbox 296 1997 439 2065; x_wconf 82' lang='lat' dir='ltr'>ponerent.</span> <span class='ocrx_word' id='word_1_95' title='bbox 461 1986 592 2063; x_wconf 78' lang='lat' dir='ltr'>aliosque</span> <span class='ocrx_word' id='word_1_96' title='bbox 612 1998 759 2062; x_wconf 76' lang='lat' dir='ltr'>praetereo</span> <span class='ocrx_word' id='word_1_97' title='bbox 779 1997 1035 2060; x_wconf 76' lang='lat' dir='ltr'>monteserstrus·</span> 
     </span>
     <span class='ocr_line' id='line_1_14' title="bbox 52 2063 1007 2144; baseline 0.001 -24"><span class='ocrx_word' id='word_1_98' title='bbox 52 2074 113 2123; x_wconf 88' lang='lat' dir='ltr'>rent.</span> <span class='ocrx_word' id='word_1_99' title='bbox 154 2064 211 2125; x_wconf 83' lang='lat' dir='ltr'>Sed</span> <span class='ocrx_word' id='word_1_100' title='bbox 225 2066 372 2144; x_wconf 85' lang='lat' dir='ltr'><strong>Apollinis</strong></span> <span class='ocrx_word' id='word_1_101' title='bbox 384 2065 496 2143; x_wconf 51' lang='lat' dir='ltr'>¹sagittis</span> <span class='ocrx_word' id='word_1_102' title='bbox 510 2063 652 2125; x_wconf 71' lang='lat' dir='ltr'>interemti</span> <span class='ocrx_word' id='word_1_103' title='bbox 666 2074 740 2122; x_wconf 86' lang='lat' dir='ltr'>sunt</span> <span class='ocrx_word' id='word_1_104' title='bbox 833 2094 836 2100; x_wconf 34' lang='grc' dir='ltr'>ν</span> <span class='ocrx_word' id='word_1_105' title='bbox 1003 2096 1007 2104; x_wconf 88' lang='lat'><strong>·</strong></span> 
     </span>
     <span class='ocr_line' id='line_1_15' title="bbox 87 2140 1034 2223; baseline 0.006 -21"><span class='ocrx_word' id='word_1_106' title='bbox 87 2147 110 2202; x_wconf 83' lang='grc'>4.</span> <span class='ocrx_word' id='word_1_107' title='bbox 133 2144 283 2205; x_wconf 68' lang='lat' dir='ltr'>Daedalus</span> <span class='ocrx_word' id='word_1_108' title='bbox 305 2142 455 2223; x_wconf 81' lang='lat' dir='ltr'>Euphemi</span> <span class='ocrx_word' id='word_1_109' title='bbox 477 2144 563 2212; x_wconf 87' lang='lat' dir='ltr'>filius,</span> <span class='ocrx_word' id='word_1_110' title='bbox 584 2142 686 2202; x_wconf 79' lang='lat' dir='ltr'><strong>artifex</strong></span> <span class='ocrx_word' id='word_1_111' title='bbox 705 2140 903 2220; x_wconf 81' lang='lat' dir='ltr'>peritissimus,</span> <span class='ocrx_word' id='word_1_112' title='bbox 921 2146 959 2206; x_wconf 93' lang='lat' dir='ltr'>ob</span> <span class='ocrx_word' id='word_1_113' title='bbox 971 2166 1034 2208; x_wconf 82' lang='lat' dir='ltr'>oee-</span> 
     </span>
     <span class='ocr_line' id='line_1_16' title="bbox 52 2219 1031 2299; baseline 0.008 -20"><span class='ocrx_word' id='word_1_114' title='bbox 52 2219 110 2281; x_wconf 92' lang='lat' dir='ltr'>dem</span> <span class='ocrx_word' id='word_1_115' title='bbox 118 2224 261 2285; x_wconf 85' lang='lat' dir='ltr'>Athenis¹¹</span> <span class='ocrx_word' id='word_1_116' title='bbox 275 2226 467 2295; x_wconf 84' lang='lat' dir='ltr'>commissum¹</span> <span class='ocrx_word' id='word_1_117' title='bbox 476 2225 508 2283; x_wconf 88' lang='lat' dir='ltr'>iu</span> <span class='ocrx_word' id='word_1_118' title='bbox 519 2224 636 2285; x_wconf 75' lang='lat' dir='ltr'>Cretum</span> <span class='ocrx_word' id='word_1_119' title='bbox 649 2220 718 2281; x_wconf 84' lang='lat' dir='ltr'>obiit</span> <span class='ocrx_word' id='word_1_120' title='bbox 731 2221 769 2281; x_wconf 86' lang='lat' dir='ltr'>sd</span> <span class='ocrx_word' id='word_1_121' title='bbox 776 2241 877 2299; x_wconf 79' lang='lat' dir='ltr'>regem</span> <span class='ocrx_word' id='word_1_122' title='bbox 888 2225 1031 2287; x_wconf 78' lang='lat' dir='ltr'>Minoem</span> 
     </span>
     <span class='ocr_line' id='line_1_17' title="bbox 53 2300 1033 2383; baseline 0.006 -23"><span class='ocrx_word' id='word_1_123' title='bbox 53 2300 91 2360; x_wconf 89' lang='lat' dir='ltr'>Ibi</span> <span class='ocrx_word' id='word_1_124' title='bbox 104 2302 319 2383; x_wconf 81' lang='lat' dir='ltr'>labyrinthum¹¹</span> <span class='ocrx_word' id='word_1_125' title='bbox 330 2302 475 2363; x_wconf 81' lang='lat' dir='ltr'>exstruxit.</span> <span class='ocrx_word' id='word_1_126' title='bbox 518 2306 548 2363; x_wconf 91' lang='lat' dir='ltr'>A</span> <span class='ocrx_word' id='word_1_127' title='bbox 558 2302 661 2370; x_wconf 77' lang='lat' dir='ltr'>Minoe</span> <span class='ocrx_word' id='word_1_128' title='bbox 670 2300 825 2379; x_wconf 80' lang='lat' dir='ltr'>aliquando</span> <span class='ocrx_word' id='word_1_129' title='bbox 835 2304 1033 2366; x_wconf 77' lang='lat' dir='ltr'>inoustodism</span> 
     </span>
    </p>
   </div>
   <div class='ocr_carea' id='block_1_6' title="bbox 52 2382 1131 2461">
    <p class='ocr_par' dir='ltr' id='par_1_8' title="bbox 52 2382 1131 2461">
     <span class='ocr_line' id='line_1_18' title="bbox 52 2382 1131 2461; baseline 0.006 -22"><span class='ocrx_word' id='word_1_130' title='bbox 52 2385 194 2461; x_wconf 79' lang='lat' dir='ltr'>conjectus,</span> <span class='ocrx_word' id='word_1_131' title='bbox 209 2382 264 2442; x_wconf 84' lang='lat' dir='ltr'>sibi</span> <span class='ocrx_word' id='word_1_132' title='bbox 278 2394 304 2443; x_wconf 89' lang='lat' dir='ltr'>et</span> <span class='ocrx_word' id='word_1_133' title='bbox 319 2384 404 2444; x_wconf 71' lang='lat' dir='ltr'>lodro</span> <span class='ocrx_word' id='word_1_134' title='bbox 418 2382 479 2443; x_wconf 92' lang='lat' dir='ltr'>filio</span> <span class='ocrx_word' id='word_1_135' title='bbox 489 2382 550 2443; x_wconf 84' lang='lat' dir='ltr'>alas</span> <span class='ocrx_word' id='word_1_136' title='bbox 564 2400 631 2441; x_wconf 80' lang='lat' dir='ltr'>cere</span> <span class='ocrx_word' id='word_1_137' title='bbox 643 2383 756 2459; x_wconf 77' lang='lat' dir='ltr'>opterit,</span> <span class='ocrx_word' id='word_1_138' title='bbox 770 2385 877 2441; x_wconf 82' lang='lat' dir='ltr'>etcum</span> <span class='ocrx_word' id='word_1_139' title='bbox 890 2402 924 2441; x_wconf 91' lang='lat' dir='ltr'>eo</span> <span class='ocrx_word' id='word_1_140' title='bbox 936 2385 1032 2446; x_wconf 75' lang='lat' dir='ltr'>stols·</span> <span class='ocrx_word' id='word_1_141' title='bbox 1126 2410 1131 2417; x_wconf 93' lang='lat'>·</span> 
     </span>
    </p>
   </div>
   <div class='ocr_carea' id='block_1_7' title="bbox 48 2459 1033 3730">
    <p class='ocr_par' dir='ltr' id='par_1_9' title="bbox 52 2459 1031 2699">
     <span class='ocr_line' id='line_1_19' title="bbox 52 2459 1030 2541; baseline 0.005 -23"><span class='ocrx_word' id='word_1_142' title='bbox 52 2459 92 2519; x_wconf 81' lang='lat' dir='ltr'>rit</span> <span class='ocrx_word' id='word_1_143' title='bbox 134 2462 214 2521; x_wconf 89' lang='lat' dir='ltr'>Dum</span> <span class='ocrx_word' id='word_1_144' title='bbox 229 2464 328 2521; x_wconf 83' lang='lat' dir='ltr'>Icarus</span> <span class='ocrx_word' id='word_1_145' title='bbox 342 2462 428 2523; x_wconf 83' lang='lat' dir='ltr'>altius</span> <span class='ocrx_word' id='word_1_146' title='bbox 442 2461 577 2529; x_wconf 79' lang='lat' dir='ltr'>evolabat,</span> <span class='ocrx_word' id='word_1_147' title='bbox 598 2479 665 2519; x_wconf 80' lang='lat' dir='ltr'>oete</span> <span class='ocrx_word' id='word_1_148' title='bbox 678 2460 748 2520; x_wconf 91' lang='lat' dir='ltr'>solis</span> <span class='ocrx_word' id='word_1_149' title='bbox 762 2461 858 2524; x_wconf 83' lang='lat' dir='ltr'>colore</span> <span class='ocrx_word' id='word_1_150' title='bbox 871 2460 1030 2541; x_wconf 79' lang='lat' dir='ltr'>liquefacto,</span> 
     </span>
     <span class='ocr_line' id='line_1_20' title="bbox 52 2537 1031 2622; baseline 0.008 -26"><span class='ocrx_word' id='word_1_151' title='bbox 52 2537 79 2597; x_wconf 88' lang='lat' dir='ltr'>in</span> <span class='ocrx_word' id='word_1_152' title='bbox 90 2560 166 2601; x_wconf 84' lang='lat' dir='ltr'>mare</span> <span class='ocrx_word' id='word_1_153' title='bbox 180 2542 289 2611; x_wconf 80' lang='lat' dir='ltr'>decidit</span> <span class='ocrx_word' id='word_1_154' title='bbox 304 2541 380 2619; x_wconf 92' lang='lat' dir='ltr'>quod</span> <span class='ocrx_word' id='word_1_155' title='bbox 394 2562 430 2601; x_wconf 77' lang='lat' dir='ltr'>en</span> <span class='ocrx_word' id='word_1_156' title='bbox 443 2562 477 2601; x_wconf 91' lang='lat' dir='ltr'>eo</span> <span class='ocrx_word' id='word_1_157' title='bbox 493 2541 621 2601; x_wconf 80' lang='lat' dir='ltr'>Icarium</span> <span class='ocrx_word' id='word_1_158' title='bbox 633 2539 775 2618; x_wconf 60' lang='lat' dir='ltr'>pelagum</span> <span class='ocrx_word' id='word_1_159' title='bbox 787 2551 829 2599; x_wconf 78' lang='lat' dir='ltr'>est</span> <span class='ocrx_word' id='word_1_160' title='bbox 842 2542 1031 2622; x_wconf 79' lang='lat' dir='ltr'>appelletum3</span> 
     </span>
     <span class='ocr_line' id='line_1_21' title="bbox 54 2618 639 2699; baseline 0 -22"><span class='ocrx_word' id='word_1_161' title='bbox 54 2618 192 2681; x_wconf 78' lang='lat' dir='ltr'>Daedalus</span> <span class='ocrx_word' id='word_1_162' title='bbox 205 2632 301 2681; x_wconf 80' lang='lat' dir='ltr'>eutem</span> <span class='ocrx_word' id='word_1_163' title='bbox 315 2624 346 2681; x_wconf 91' lang='lat' dir='ltr'>in</span> <span class='ocrx_word' id='word_1_164' title='bbox 360 2620 490 2681; x_wconf 84' lang='lat' dir='ltr'>Siciliam</span> <span class='ocrx_word' id='word_1_165' title='bbox 503 2618 639 2699; x_wconf 84' lang='lat' dir='ltr'>pervenit.</span> 
     </span>
    </p>

    <p class='ocr_par' dir='ltr' id='par_1_10' title="bbox 51 2697 1032 3174">
     <span class='ocr_line' id='line_1_22' title="bbox 86 2697 1030 2779; baseline 0.002 -22"><span class='ocrx_word' id='word_1_166' title='bbox 86 2705 109 2757; x_wconf 90' lang='lat'>5.</span> <span class='ocrx_word' id='word_1_167' title='bbox 131 2701 259 2761; x_wconf 82' lang='lat' dir='ltr'>Aescula</span> <span class='ocrx_word' id='word_1_168' title='bbox 278 2702 331 2769; x_wconf 87' lang='lat' dir='ltr'>ius,</span> <span class='ocrx_word' id='word_1_169' title='bbox 347 2700 494 2779; x_wconf 79' lang='lat' dir='ltr'><strong>Apollinis</strong></span> <span class='ocrx_word' id='word_1_170' title='bbox 508 2698 596 2765; x_wconf 85' lang='lat' dir='ltr'>filius,</span> <span class='ocrx_word' id='word_1_171' title='bbox 617 2697 747 2757; x_wconf 84' lang='lat' dir='ltr'>medicus</span> <span class='ocrx_word' id='word_1_172' title='bbox 760 2698 1030 2775; x_wconf 71' lang='lat' dir='ltr'>praestantissimus,</span> 
     </span>
     <span class='ocr_line' id='line_1_23' title="bbox 53 2722 1032 2857; baseline 0.005 -21"><span class='ocrx_word' id='word_1_173' title='bbox 53 2778 210 2857; x_wconf 69' lang='lat' dir='ltr'>Hippolyto,</span> <span class='ocrx_word' id='word_1_174' title='bbox 227 2722 338 2839; x_wconf 79' lang='lat' dir='ltr'>Tlesei</span> <span class='ocrx_word' id='word_1_175' title='bbox 352 2780 420 2848; x_wconf 84' lang='lat' dir='ltr'>filio.</span> <span class='ocrx_word' id='word_1_176' title='bbox 441 2780 528 2839; x_wconf 82' lang='lat' dir='ltr'>vitam</span> <span class='ocrx_word' id='word_1_177' title='bbox 542 2775 701 2837; x_wconf 79' lang='lat' dir='ltr'>reddidisse</span> <span class='ocrx_word' id='word_1_178' title='bbox 713 2777 824 2838; x_wconf 86' lang='lat' dir='ltr'>dicitur.</span> <span class='ocrx_word' id='word_1_179' title='bbox 868 2779 912 2837; x_wconf 93' lang='lat' dir='ltr'>Ob</span> <span class='ocrx_word' id='word_1_180' title='bbox 922 2778 953 2838; x_wconf 90' lang='lat' dir='ltr'>id</span> <span class='ocrx_word' id='word_1_181' title='bbox 964 2779 1032 2841; x_wconf 80' lang='lat' dir='ltr'>faci·</span> 
     </span>
     <span class='ocr_line' id='line_1_24' title="bbox 52 2856 1030 2937; baseline 0.005 -24"><span class='ocrx_word' id='word_1_182' title='bbox 52 2874 100 2915; x_wconf 89' lang='lat' dir='ltr'>nus</span> <span class='ocrx_word' id='word_1_183' title='bbox 117 2860 226 2936; x_wconf 88' lang='lat' dir='ltr'>Jupiter</span> <span class='ocrx_word' id='word_1_184' title='bbox 247 2878 315 2918; x_wconf 88' lang='lat' dir='ltr'>enm</span> <span class='ocrx_word' id='word_1_185' title='bbox 335 2858 458 2919; x_wconf 81' lang='lat' dir='ltr'>fulmine</span> <span class='ocrx_word' id='word_1_186' title='bbox 470 2857 618 2937; x_wconf 80' lang='lat' dir='ltr'>percussit.</span> <span class='ocrx_word' id='word_1_187' title='bbox 662 2858 742 2915; x_wconf 84' lang='lat' dir='ltr'>Tum</span> <span class='ocrx_word' id='word_1_188' title='bbox 756 2857 870 2934; x_wconf 86' lang='lat' dir='ltr'>Apollo,</span> <span class='ocrx_word' id='word_1_189' title='bbox 884 2856 962 2934; x_wconf 87' lang='lat' dir='ltr'>qnod</span> <span class='ocrx_word' id='word_1_190' title='bbox 975 2858 1030 2919; x_wconf 86' lang='lat' dir='ltr'>filii</span> 
     </span>
     <span class='ocr_line' id='line_1_25' title="bbox 51 2936 1030 3015; baseline 0.007 -23"><span class='ocrx_word' id='word_1_191' title='bbox 51 2948 162 2997; x_wconf 86' lang='lat' dir='ltr'>mortem</span> <span class='ocrx_word' id='word_1_192' title='bbox 183 2940 215 2998; x_wconf 89' lang='lat' dir='ltr'>iu</span> <span class='ocrx_word' id='word_1_193' title='bbox 235 2940 307 2997; x_wconf 82' lang='lat' dir='ltr'>Jove</span> <span class='ocrx_word' id='word_1_194' title='bbox 319 2938 421 2999; x_wconf 88' lang='lat' dir='ltr'>uloisei</span> <span class='ocrx_word' id='word_1_195' title='bbox 441 2956 500 2996; x_wconf 91' lang='lat' dir='ltr'>non</span> <span class='ocrx_word' id='word_1_196' title='bbox 514 2944 629 3015; x_wconf 83' lang='lat' dir='ltr'>poteret,</span> <span class='ocrx_word' id='word_1_197' title='bbox 653 2936 828 3014; x_wconf 80' lang='lat' dir='ltr'>Cyelopes‚¹⁴</span> <span class='ocrx_word' id='word_1_198' title='bbox 843 2936 893 3011; x_wconf 90' lang='lat' dir='ltr'>qui</span> <span class='ocrx_word' id='word_1_199' title='bbox 906 2936 1030 2999; x_wconf 78' lang='lat' dir='ltr'>fulmina</span> 
     </span>
     <span class='ocr_line' id='line_1_26' title="bbox 52 3014 1030 3093; baseline 0.004 -21"><span class='ocrx_word' id='word_1_200' title='bbox 52 3014 342 3087; x_wconf 75' lang='lat' dir='ltr'>secereut‘i&#39;nteremit.</span> <span class='ocrx_word' id='word_1_201' title='bbox 386 3016 430 3077; x_wconf 93' lang='lat' dir='ltr'>Ob</span> <span class='ocrx_word' id='word_1_202' title='bbox 444 3016 500 3075; x_wconf 81' lang='lat' dir='ltr'>hoo</span> <span class='ocrx_word' id='word_1_203' title='bbox 513 3016 627 3083; x_wconf 80' lang='lat' dir='ltr'>sactum,</span> <span class='ocrx_word' id='word_1_204' title='bbox 648 3014 818 3092; x_wconf 87' lang='lat' dir='ltr'>Apollinem</span> <span class='ocrx_word' id='word_1_205' title='bbox 837 3017 949 3093; x_wconf 84' lang='lat' dir='ltr'>Jupiter</span> <span class='ocrx_word' id='word_1_206' title='bbox 969 3016 1030 3078; x_wconf 89' lang='lat' dir='ltr'>Ad·</span> 
     </span>
     <span class='ocr_line' id='line_1_27' title="bbox 52 3092 895 3174; baseline -0.001 -23"><span class='ocrx_word' id='word_1_207' title='bbox 52 3106 127 3164; x_wconf 80' lang='lat' dir='ltr'>meto,</span> <span class='ocrx_word' id='word_1_208' title='bbox 142 3096 206 3174; x_wconf 82' lang='lat' dir='ltr'>regi</span> <span class='ocrx_word' id='word_1_209' title='bbox 221 3096 419 3165; x_wconf 53' lang='lat' dir='ltr'>Thessaliae?</span> <span class='ocrx_word' id='word_1_210' title='bbox 432 3096 463 3155; x_wconf 90' lang='lat' dir='ltr'>in</span> <span class='ocrx_word' id='word_1_211' title='bbox 477 3096 643 3153; x_wconf 80' lang='lat' dir='ltr'>servitutem</span> <span class='ocrx_word' id='word_1_212' title='bbox 656 3092 739 3153; x_wconf 81' lang='lat' dir='ltr'>dedit</span> <span class='ocrx_word' id='word_1_213' title='bbox 893 3101 895 3106; x_wconf 88' lang='lat'>&#39;</span> 
     </span>
    </p>

    <p class='ocr_par' dir='ltr' id='par_1_11' title="bbox 48 3172 1033 3730">
     <span class='ocr_line' id='line_1_28' title="bbox 87 3172 1033 3254; baseline 0 -20"><span class='ocrx_word' id='word_1_214' title='bbox 87 3179 110 3233; x_wconf 88' lang='grc'>6.</span> <span class='ocrx_word' id='word_1_215' title='bbox 132 3176 280 3245; x_wconf 87' lang='lat' dir='ltr'>Alcestim,</span> <span class='ocrx_word' id='word_1_216' title='bbox 293 3176 394 3236; x_wconf 84' lang='lat' dir='ltr'>Peliae</span> <span class='ocrx_word' id='word_1_217' title='bbox 411 3174 510 3243; x_wconf 81' lang='lat' dir='ltr'>filium,</span> <span class='ocrx_word' id='word_1_218' title='bbox 520 3192 611 3252; x_wconf 90' lang='lat' dir='ltr'>quum</span> <span class='ocrx_word' id='word_1_219' title='bbox 619 3172 703 3238; x_wconf 85' lang='lat' dir='ltr'>multi</span> <span class='ocrx_word' id='word_1_220' title='bbox 718 3172 748 3249; x_wconf 83' lang='lat' dir='ltr'>in</span> <span class='ocrx_word' id='word_1_221' title='bbox 757 3172 974 3234; x_wconf 80' lang='lat' dir='ltr'>matrimonium</span> <span class='ocrx_word' id='word_1_222' title='bbox 982 3193 1033 3254; x_wconf 48' lang='lat' dir='ltr'>pet</span> 
     </span>
     <span class='ocr_line' id='line_1_29' title="bbox 51 3251 1031 3333; baseline 0.006 -25"><span class='ocrx_word' id='word_1_223' title='bbox 51 3262 137 3323; x_wconf 86' lang='lat' dir='ltr'>terent,</span> <span class='ocrx_word' id='word_1_224' title='bbox 147 3255 245 3315; x_wconf 82' lang='lat' dir='ltr'>Pelias</span> <span class='ocrx_word' id='word_1_225' title='bbox 255 3254 392 3333; x_wconf 88' lang='lat' dir='ltr'>promisit,</span> <span class='ocrx_word' id='word_1_226' title='bbox 402 3272 435 3314; x_wconf 91' lang='lat' dir='ltr'>se</span> <span class='ocrx_word' id='word_1_227' title='bbox 447 3253 537 3322; x_wconf 78' lang='lat' dir='ltr'>liliam</span> <span class='ocrx_word' id='word_1_228' title='bbox 550 3253 579 3311; x_wconf 88' lang='lat' dir='ltr'>ei</span> <span class='ocrx_word' id='word_1_229' title='bbox 592 3270 655 3311; x_wconf 80' lang='lat' dir='ltr'>esse</span> <span class='ocrx_word' id='word_1_230' title='bbox 668 3251 810 3319; x_wconf 78' lang='lat' dir='ltr'>deutrum,</span> <span class='ocrx_word' id='word_1_231' title='bbox 819 3251 869 3327; x_wconf 93' lang='lat' dir='ltr'>qui</span> <span class='ocrx_word' id='word_1_232' title='bbox 883 3252 957 3311; x_wconf 79' lang='lat' dir='ltr'>feras</span> <span class='ocrx_word' id='word_1_233' title='bbox 966 3272 1031 3315; x_wconf 86' lang='lat' dir='ltr'>our·</span> 
     </span>
     <span class='ocr_line' id='line_1_30' title="bbox 51 3329 1029 3425; baseline 0.005 -37"><span class='ocrx_word' id='word_1_234' title='bbox 51 3333 92 3390; x_wconf 89' lang='lat' dir='ltr'>rui</span> <span class='ocrx_word' id='word_1_235' title='bbox 100 3333 247 3411; x_wconf 82' lang='lat' dir='ltr'>junxisset</span> <span class='ocrx_word' id='word_1_236' title='bbox 290 3332 440 3401; x_wconf 81' lang='lat' dir='ltr'>Admetus</span> <span class='ocrx_word' id='word_1_237' title='bbox 454 3352 504 3425; x_wconf 82' lang='lat' dir='ltr'>qur</span> <span class='ocrx_word' id='word_1_238' title='bbox 517 3350 582 3391; x_wconf 78' lang='lat' dir='ltr'>eam</span> <span class='ocrx_word' id='word_1_239' title='bbox 594 3329 704 3409; x_wconf 88' lang='lat' dir='ltr'>perdite</span> <span class='ocrx_word' id='word_1_240' title='bbox 724 3330 844 3399; x_wconf 81' lang='lat' dir='ltr'>amabat,</span> <span class='ocrx_word' id='word_1_241' title='bbox 859 3332 1029 3409; x_wconf 85' lang='lat' dir='ltr'>Apollinem</span> 
     </span>
     <span class='ocr_line' id='line_1_31' title="bbox 50 3409 1027 3489; baseline 0.004 -23"><span class='ocrx_word' id='word_1_242' title='bbox 50 3410 160 3486; x_wconf 79' lang='lat' dir='ltr'>rogavit,</span> <span class='ocrx_word' id='word_1_243' title='bbox 174 3426 205 3470; x_wconf 88' lang='lat' dir='ltr'>ut</span> <span class='ocrx_word' id='word_1_244' title='bbox 219 3432 251 3471; x_wconf 91' lang='lat' dir='ltr'>se</span> <span class='ocrx_word' id='word_1_245' title='bbox 265 3412 296 3471; x_wconf 89' lang='lat' dir='ltr'>in</span> <span class='ocrx_word' id='word_1_246' title='bbox 309 3412 363 3472; x_wconf 90' lang='lat' dir='ltr'>hoo</span> <span class='ocrx_word' id='word_1_247' title='bbox 377 3422 492 3489; x_wconf 75' lang='lat' dir='ltr'>negotio</span> <span class='ocrx_word' id='word_1_248' title='bbox 506 3410 659 3489; x_wconf 79' lang='lat' dir='ltr'>adjuvaret</span> <span class='ocrx_word' id='word_1_249' title='bbox 698 3410 729 3469; x_wconf 86' lang='lat' dir='ltr'>Is</span> <span class='ocrx_word' id='word_1_250' title='bbox 741 3426 832 3486; x_wconf 90' lang='lat' dir='ltr'>quum</span> <span class='ocrx_word' id='word_1_251' title='bbox 845 3409 882 3467; x_wconf 80' lang='lat' dir='ltr'>ab</span> <span class='ocrx_word' id='word_1_252' title='bbox 895 3409 1027 3481; x_wconf 84' lang='lat' dir='ltr'>Admeto,</span> 
     </span>
     <span class='ocr_line' id='line_1_32' title="bbox 50 3488 1029 3565; baseline 0.002 -20"><span class='ocrx_word' id='word_1_253' title='bbox 50 3488 111 3548; x_wconf 90' lang='lat' dir='ltr'>dum</span> <span class='ocrx_word' id='word_1_254' title='bbox 130 3491 156 3549; x_wconf 92' lang='lat' dir='ltr'>ei</span> <span class='ocrx_word' id='word_1_255' title='bbox 176 3491 324 3561; x_wconf 78' lang='lat' dir='ltr'>serviebat,</span> <span class='ocrx_word' id='word_1_256' title='bbox 345 3490 499 3552; x_wconf 80' lang='lat' dir='ltr'>liberaliter</span> <span class='ocrx_word' id='word_1_257' title='bbox 520 3495 594 3549; x_wconf 85' lang='lat' dir='ltr'>esset</span> <span class='ocrx_word' id='word_1_258' title='bbox 612 3498 754 3555; x_wconf 78' lang='lat' dir='ltr'>tractatus,</span> <span class='ocrx_word' id='word_1_259' title='bbox 774 3489 919 3565; x_wconf 84' lang='lat' dir='ltr'>epmmei</span> <span class='ocrx_word' id='word_1_260' title='bbox 932 3499 959 3546; x_wconf 88' lang='lat' dir='ltr'>et</span> <span class='ocrx_word' id='word_1_261' title='bbox 972 3488 1029 3559; x_wconf 87' lang='lat' dir='ltr'>leo-</span> 
     </span>
     <span class='ocr_line' id='line_1_33' title="bbox 49 3564 1027 3650; baseline -0.002 -25"><span class='ocrx_word' id='word_1_262' title='bbox 49 3587 109 3627; x_wconf 89' lang='lat' dir='ltr'>nem</span> <span class='ocrx_word' id='word_1_263' title='bbox 121 3569 220 3629; x_wconf 90' lang='lat' dir='ltr'>ourrui</span> <span class='ocrx_word' id='word_1_264' title='bbox 230 3572 332 3650; x_wconf 83' lang='lat' dir='ltr'>junxit,</span> <span class='ocrx_word' id='word_1_265' title='bbox 355 3571 459 3648; x_wconf 87' lang='lat' dir='ltr'>quibus</span> <span class='ocrx_word' id='word_1_266' title='bbox 481 3570 530 3631; x_wconf 91' lang='lat' dir='ltr'>ille</span> <span class='ocrx_word' id='word_1_267' title='bbox 551 3567 693 3628; x_wconf 79' lang='lat' dir='ltr'>Alcestim</span> <span class='ocrx_word' id='word_1_268' title='bbox 705 3566 807 3626; x_wconf 81' lang='lat' dir='ltr'>averit.</span> <span class='ocrx_word' id='word_1_269' title='bbox 849 3564 931 3623; x_wconf 87' lang='lat' dir='ltr'>Idem</span> <span class='ocrx_word' id='word_1_270' title='bbox 944 3566 1027 3641; x_wconf 83' lang='lat' dir='ltr'>gravi</span> 
     </span>
     <span class='ocr_line' id='line_1_34' title="bbox 48 3643 1028 3730; baseline -0.002 -23"><span class='ocrx_word' id='word_1_271' title='bbox 48 3648 138 3709; x_wconf 85' lang='lat' dir='ltr'>morbo</span> <span class='ocrx_word' id='word_1_272' title='bbox 146 3648 447 3728; x_wconf 77' lang='lat' dir='ltr'>implicitus‚¹⁶munus</span> <span class='ocrx_word' id='word_1_273' title='bbox 456 3648 492 3709; x_wconf 82' lang='lat' dir='ltr'>ab</span> <span class='ocrx_word' id='word_1_274' title='bbox 501 3646 640 3730; x_wconf 87' lang='lat' dir='ltr'>Apolline</span> <span class='ocrx_word' id='word_1_275' title='bbox 648 3646 762 3724; x_wconf 74' lang='lat' dir='ltr'>sucepit,</span> <span class='ocrx_word' id='word_1_276' title='bbox 771 3654 803 3703; x_wconf 93' lang='lat' dir='ltr'>ut</span> <span class='ocrx_word' id='word_1_277' title='bbox 811 3660 946 3723; x_wconf 83' lang='lat' dir='ltr'>praesens</span> <span class='ocrx_word' id='word_1_278' title='bbox 953 3643 1028 3729; x_wconf 86' lang='lat' dir='ltr'>peri·</span> 
     </span>
    </p>
   </div>
   <div class='ocr_carea' id='block_1_8' title="bbox 0 0 1154 4059">
    <p class='ocr_par' dir='ltr' id='par_1_12' title="bbox 0 0 1154 4059">
     <span class='ocr_line' id='line_1_35' title="bbox 0 0 1154 4059; baseline 0 3"><span class='ocrx_word' id='word_1_279' title='bbox 0 0 1154 4059; x_wconf 95' lang='lat' dir='ltr'> </span> 
     </span>
    </p>
   </div>
  </div>
 </body>
</html>
