2300 4059
412 500 562 596 onnus
583 502 766 564 Putamus
835 515 842 533 ·

135 678 368 721 minnistono
383 666 567 720 BBEVIGRES
579 680 621 735 H
635 677 810 721 ctctnoms
825 647 990 744 OHRI‘BUS
1004 681 1055 725 ΕΣ·

515 758 674 799 cneum.

393 869 395 872 ’
449 902 471 957 r.
500 896 592 958 teror
606 898 738 959 trottae.

141 1056 164 1115 1.
190 1053 351 1134 Nunquam
365 1076 421 1135 ego
439 1055 516 1116 bona
529 1054 690 1135 perdidisse
700 1054 838 1124 dieamsi
858 1054 910 1133 qni
931 1074 1022 1135 pecus
1039 1070 1083 1119 sut

98 1132 309 1214 supellectilem
327 1135 471 1212 amiserit;
491 1156 586 1214 neque
599 1155 658 1195 non
679 1133 802 1194 laudabo
815 1134 975 1212 sapientem
996 1135 1082 1207 illurn,

99 1213 242 1286 Biantem,
256 1214 307 1294 qui
319 1226 488 1274 numeratur
501 1215 532 1273 in
546 1230 670 1293 septem3
691 1214 775 1291 cujus
788 1234 877 1292 quum
888 1215 1013 1293 patriam
1025 1216 1083 1277 Pri

98 1314 173 1370 enen
187 1299 307 1373 cepisset
318 1294 414 1365 hostis,
429 1294 591 1372 caeterique
612 1294 651 1353 ita
663 1294 803 1370 frigerent,
818 1304 858 1359 ut¹
870 1292 962 1353 multa
976 1294 1012 1353 de
1025 1296 1082 1355 suis

98 1375 185 1433 robus
199 1394 298 1434 secum
311 1386 494 1451 asportarent,
509 1392 602 1451 quum
614 1384 687 1432 esset
700 1371 863 1431 admonitus
877 1394 895 1433 a
908 1372 1042 1452 quodam,
1055 1386 1083 1433 ut

98 1451 177 1512 idem
194 1453 256 1533 ipse
269 1454 387 1513 laceret:
411 1454 564 1530 Egooero,
581 1452 680 1531 inquit,
692 1452 777 1529 socio
785 1474 798 1521 ,-
819 1472 887 1511 oum
902 1455 1008 1513 emam.
1025 1474 1083 1513 meo

94 1533 179 1609 porto
193 1554 307 1592 mecum.
332 1531 387 1591 Ille
395 1532 467 1590 haec
477 1530 602 1591 ludibria
616 1532 752 1599 fortunae,
766 1550 803 1589 ne
817 1548 870 1589 sua
880 1529 1000 1609 quidem
1008 1544 1081 1613 puta·
1135 1534 1136 1549 ³

100 1611 145 1681 vit,
156 1630 231 1688 quae
244 1621 297 1671 nos
311 1609 492 1702 appellamus
505 1610 593 1669 etiam
605 1610 687 1669 bona.
731 1608 897 1701 (paradoxa
910 1630 935 1669 c.
955 1612 995 1689 1.)

136 1690 163 1749 2.
186 1691 316 1749 Socrates
330 1710 360 1748 rn
375 1709 480 1767 pompa
493 1709 584 1767 quum
594 1708 755 1766 magnatus
769 1689 834 1747 anri
848 1691 1020 1767 argentique
1032 1690 1082 1750 fer·

97 1780 182 1839 retur,
198 1790 284 1847 quom
299 1770 391 1829 multo
404 1790 462 1828 ooo
475 1770 611 1836 desidero,
626 1766 724 1845 inquit.
749 1770 849 1849 (Tusc.
867 1770 925 1830 Qu.
943 1766 978 1827 V.
996 1772 1056 1847 32.)

136 1853 162 1907 3.
185 1847 370 1916 Xenocrates,
385 1868 476 1925 quum
494 1846 584 1925 legati
604 1846 640 1907 ab
655 1845 821 1905 Alexandro
834 1846 1045 1925 quinquaginta
1057 1850 1084 1908 ei

96 1923 201 1987 talenta
214 1928 380 1995 attulissent,
394 1944 469 2005 quae
482 1939 541 1984 erat
554 1926 679 2005 pecunia
691 1924 867 2004 temporibus
877 1924 944 1994 illis,
960 1926 1085 1987 Athenis

96 2008 272 2085 praesertim,
299 2006 435 2074 maxima,
462 2004 579 2065 abduxit
600 2004 710 2083 legatos
731 2004 767 2063 ad
787 2024 908 2064 coenam
929 2004 961 2063 in
976 2004 1084 2065 Acade-

96 2086 200 2145 miam:
223 2086 260 2145 iis
279 2085 411 2164 apposuit
430 2096 547 2153 tantum,
562 2084 640 2163 quod
660 2084 728 2143 satis
738 2094 820 2151 esset,
835 2082 917 2141 nullo
938 2096 1082 2161 apparatu.
1135 2114 1136 2135 2

98 2164 201 2227 Quum
208 2164 346 2243 postridie
355 2175 490 2241 rogarent
504 2184 579 2234 eum,
590 2164 637 2224 cui
646 2163 793 2222 numerari
800 2163 920 2239 juberet,
932 2164 1027 2239 quid?
1040 2184 1086 2223 uos

96 2246 236 2314 teneros,
246 2244 345 2322 inquit,
353 2245 534 2303 coenoloao'a
542 2244 735 2311 intellexistis,
744 2262 787 2301 me
791 2242 1086 2319 pecunioaoncgere?

99 2320 183 2385 Quos
190 2342 281 2400 quum
289 2323 428 2381 tristiores
441 2322 566 2392 vidisset,
580 2322 698 2400 triginta
711 2322 806 2379 minas
819 2321 937 2398 accepit,
946 2340 985 2380 ne
993 2340 1086 2401 asper·

96 2402 161 2460 nari
175 2401 255 2479 regis
267 2401 467 2461 liberalitatem
476 2400 628 2460 videretur.
672 2402 774 2483 (Tusa.
792 2402 849 2462 Qu.
861 2400 897 2458 V.
915 2400 977 2478 32.)

109 2555 112 2559 ι
131 2482 156 2540 4.
172 2482 212 2541 At
222 2501 290 2539 vero
300 2480 450 2557 Diogenes
460 2478 587 2551 liberius,
597 2490 628 2539 ut
638 2478 951 2559 Cynicus‚Alexendro
961 2479 1085 2557 roganti,

96 2571 128 2619 ut
141 2558 254 2628 diceret,
265 2560 290 2619 si
304 2558 374 2637 quid
387 2578 459 2637 opus
473 2572 553 2628 esset,
568 2566 644 2619 noos
660 2561 773 2637 quidem
780 2560 943 2635 paululum,
955 2558 1086 2636 inquito

98 2641 177 2699 sole!
196 2638 339 2699 Offecerat
352 2635 484 2697 videlicet
497 2639 645 2717 apricanti.
688 2640 790 2721 (Tusc.
808 2638 864 2699 Qu.
881 2638 918 2697 V.
935 2638 999 2716 32.)

137 2724 163 2779 5.
185 2720 224 2779 Et
233 2718 281 2778 hio
290 2716 406 2797 quidem
417 2716 562 2795 disputare
570 2716 686 2787 solebat,
697 2728 802 2795 quanto
812 2736 911 2793 regem
924 2718 1086 2777 Persarum

97 2797 155 2876 uita
163 2798 337 2875 fortunaque
347 2803 511 2875 superaret3
531 2796 795 2873 srltiirihildeesse3
816 2794 861 2854 illi
870 2792 946 2854 nihil
955 2797 1028 2854 satis
1039 2816 1089 2854 un·

97 2896 185 2955 quarn
193 2877 269 2955 fore3
284 2896 316 2935 se
327 2878 388 2955 ejus
402 2874 560 2954 voluptates
568 2896 627 2934 non
638 2876 807 2943 desiderare,
818 2875 922 2952 quibus
932 2892 1087 2951 nunquam

97 2956 194 3013 satiari
205 2954 254 3015 ille
263 2966 369 3033 posset3
380 2973 516 3014 suaseum
532 2954 670 3033 consequi
679 2952 761 3013 nullo
770 2952 854 3013 modo
863 2974 957 3031 posse.
982 2955 1087 3037 (Tuso.

100 3035 157 3098 Qu.
174 3035 210 3094 V.
226 3038 271 3093 32.
1043 3036 1046 3043 '

137 3119 163 3173 6.
184 3036 397 3179 Themistocles
411 3131 502 3191 quum
515 3112 720 3192 consuleretur,
735 3124 833 3171 utrum
849 3112 924 3172 bono
939 3110 1006 3171 viro
1018 3122 1090 3191 pau·

97 3192 167 3271 peri,
182 3212 220 3252 an
229 3192 328 3251 minus
334 3192 452 3271 probato
462 3192 542 3252 diviti
550 3192 640 3251 filium
653 3189 814 3259 collocaret,
826 3212 885 3268 ego,
896 3190 1000 3267 inquit,
1012 3190 1091 3250 titolo

98 3272 194 3411 iim
205 3274 256 3430 pai
260 3273 387 3349 posonio
395 3282 487 3349 egeat,
495 3291 583 3349 wem
590 3273 745 3349 pecuniam
755 3290 828 3348 qaue
835 3271 907 3330 viro.
930 3268 1089 3352 (Deoffie.

371 3506 411 3566 ll
434 3484 606 3599 Sapientioe
616 3508 810 3584 praestantia

145 3664 168 3718 1.
189 3615 384 3738 Xenocratem
401 3663 513 3736 ‚ferunt
535 3662 665 3722 nobilem
695 3662 839 3741 imprimis
867 3660 1092 3743 philosophum,

37 3795 71 3825 ι
102 3750 192 3809 quum
210 3750 395 3813 quaereretur
414 3759 452 3801 ex
472 3760 516 3811 eo,
535 3740 606 3819 qnid
625 3740 851 3821 adsequerentur
865 3742 927 3822 ejus
941 3742 1092 3823 discipuli·
