2300 4059
189 129 313 176 narr·
327 133 347 174 rr
360 132 535 177 cronacum
549 134 628 179 rm
643 120 881 177 unanimem.
989 118 1028 179 89

40 266 121 331 nm
132 244 745 352 tegerentur-‚unimammas
788 272 1029 353 cremum-0
1144 320 1145 355 ,

39 350 141 411 adhuc
153 363 249 420 exstat,
260 372 312 430 pro
326 354 439 413 Milone
451 353 550 423 oratio,
558 353 665 437 scripta
675 352 795 415 demum
803 364 846 413 est
858 363 928 425 tum,
937 352 1029 433 quum
1065 420 1067 424 ,
1144 360 1145 367 ’

38 428 68 488 is
77 430 143 507 jam
154 430 239 517 exsul
253 432 358 491 vivere
371 431 530 505 Massiliae.

131 592 179 649 22
204 544 306 650 cicero
318 591 484 686 Proeoosal
495 590 529 652 in
537 580 723 689 provinciam
732 590 937 668 proficiscitur.

81 746 198 817 Cicero,
211 760 242 808 ut
262 768 352 827 supra
369 748 670 817 commemoravimus,
685 748 852 827 repudiavit,
867 768 955 828 quarn
968 760 1030 829 post

36 825 225 886 consulatum
238 828 334 887 statim
346 828 565 896 administraret,
580 827 766 905 provinciam.
807 827 864 888 Sed
878 829 1031 889 duodecim

36 904 133 964 ferme
145 907 301 987 annispost
309 928 346 966 ex
358 906 606 981 senatusconsulto
615 907 781 984 provinciae
795 908 919 969 Ciliciae
932 918 959 967 et
968 908 1031 968 fint-

35 984 119 1043 timis
129 984 201 1043 locis
212 986 374 1045 Proconsul
381 1006 514 1067 praeesse
519 987 620 1063 jussus
629 997 678 1045 est.
703 990 805 1049 Quum
815 987 844 1045 in
851 987 1031 1065 provinciam

35 1063 278 1140 proficisceretur,
298 1076 326 1124 et
344 1064 383 1125 ad
402 1064 555 1154 Ephesum
575 1064 608 1124 in
620 1076 727 1124 terram
740 1066 911 1138 escenderet,
925 1067 1030 1205 inpane

36 1143 946 1223 Gmecormmutumvirumvideregestientium,undiquecon
969 1146 1031 1206 urit

33 1221 131 1299 copia
176 1222 248 1282 Inde
261 1224 423 1302 properavit
435 1224 467 1283 in
475 1223 661 1302 provinciam,
670 1224 727 1293 ubi,
736 1244 827 1301 quum
840 1226 931 1285 variis
945 1226 1032 1285 rebus

33 1300 148 1360 melius
166 1302 328 1380 rectiusque
343 1302 555 1363 -constituendis
576 1302 728 1381 egregiam
754 1302 879 1363 dedisset
904 1323 1030 1382 operam,

32 1390 118 1439 tanto
130 1400 271 1441 successu
282 1392 381 1441 contra
395 1382 519 1441 Parthos
533 1381 685 1450 dimicavit,
708 1392 739 1441 ut
756 1401 816 1441 non
831 1382 927 1443 solum
941 1383 1031 1461 Inpr-

34 1461 152 1518 retors‘s
164 1462 282 1519 nomine
294 1472 453 1531 ornaretur,
473 1460 570 1519 sedin
583 1460 646 1537 ejus
667 1460 808 1521 honorem
823 1462 910 1522 etiam
923 1462 1032 1541 suppli·

33 1538 114 1597 catio
128 1540 242 1599 Romae
255 1541 463 1600 decerneretur.
493 1540 605 1599 Exacto
619 1559 695 1601 anuo
708 1541 908 1620 exprorincia,
921 1542 1032 1605 Quaes-

33 1618 95 1677 tori
106 1618 211 1679 Coelio
224 1618 334 1691 tradita,
349 1617 476 1679 Romam
489 1619 617 1679 decessit

141 1780 199 1867 ⁵23,
224 1777 448 1854 Giurmispost
460 1778 586 1839 reditun
600 1779 921 1855 acprocrationem

79 1933 197 2002 Cicero,
219 1934 249 1994 in
270 1934 370 1996 urbem
392 1955 429 1996 ex
448 1933 597 2014 provincia
614 1934 713 2007 redux,
728 1934 900 1997 suavissime
913 1935 1032 2015 quidem

32 2013 221 2072 afficiebatur
235 2015 343 2092 insigni
364 2013 423 2085 illo,
443 2035 501 2093 quo
513 2027 588 2075 totus
602 2014 728 2095 populus
741 2018 893 2075 Romanus
906 2034 974 2076 eum
987 2036 1032 2075 ae·

33 2091 173 2169 cipiebet,
194 2094 292 2152 favore
310 2105 338 2153 et
358 2094 545 2163 observantia,
576 2095 627 2153 scd
647 2094 777 2171 ejusdem
797 2093 885 2153 simul
915 2095 1031 2155 animus

32 2189 149 2239 rerum,
164 2184 312 2248 quactum
327 2174 440 2233 Romae
452 2174 646 2241 movebantur,
664 2174 892 2233 consideratione
906 2174 1032 2253 graviter

31 2251 266 2328 perturbabatur.
309 2253 420 2312 Tantae
433 2252 512 2311 enim
524 2253 599 2312 inter
612 2254 629 2311 J
631 2252 724 2311 ulinrn
738 2254 895 2312 Caesarem
908 2264 936 2311 et
946 2254 1032 2313 Pom-

30 2330 141 2407 pojum
161 2342 240 2389 ortae
259 2343 339 2390 erant
359 2331 533 2401 inimicitiae,
560 2342 593 2389 ut
613 2350 659 2389 res
679 2330 815 2397 nonnisi
834 2331 1031 2393 bellodirirni

30 2428 127 2487 posse
147 2408 298 2470 videretur.
340 2411 444 2470 Cicero
464 2411 581 2487 quidem
602 2410 727 2471 studiose
748 2420 775 2469 et
795 2410 900 2471 obnixe
912 2411 1032 2472 facieba

30 2489 148 2555 omnia,
169 2500 201 2546 ut
221 2499 382 2566 utrumque
395 2490 469 2549 inter
488 2509 521 2549 se
541 2488 748 2559 reconciliaret,
762 2501 789 2549 et
809 2510 828 2550 a
846 2489 915 2551 belli
936 2490 1031 2551 civilis

30 2567 253 2627 calamitatibus
273 2568 440 2646 deterreret;
469 2568 521 2627 sed
533 2588 631 2646 quum
657 2581 792 2628 neutrum
811 2569 848 2629 nd
869 2588 971 2649 pacem
990 2569 1032 2629 in·

30 2646 170 2707 eundum
183 2666 352 2724 permovere
364 2659 465 2725 posset,
481 2648 613 2727 Pompeji
627 2659 720 2725 partes
738 2648 889 2725 amplexus
903 2668 972 2707 curn
983 2668 1032 2727 op·

29 2729 175 2787 timeturn
187 2727 314 2786 exercitu
328 2728 359 2786 in'
373 2726 530 2785 Graeciam
543 2728 685 2804 proiectus
699 2738 747 2787 est.
791 2728 863 2787 Mox
876 2728 906 2785 in
919 2728 1031 2806 campis

29 2803 223 2868 Pharsalicia
243 2806 433 2870 commissum
446 2817 487 2871 est
507 2804 696 2866 memorabile
716 2803 788 2865 illud
826 2806 957 2876 coelium,
971 2824 1031 2867 non

27 2884 181 2945 exercitui
194 2896 304 2944 tautum
319 2886 459 2963 Pompeji,
480 2885 535 2946 sed·
545 2886 601 2963 ipsi
614 2904 735 2962 quoque,
750 2826 913 2963 paulopost
926 2884 1030 2955 occiso,
1101 2962 1103 2967 ,

26 2962 276 3025 funestissimum.
321 2966 425 3024 Cicero
446 2965 543 3043 igitur·
555 2962 710 3041 prudenter
723 2964 848 3023 reditum
861 2963 1031 3032 acceleravit

26 3046 65 3105 in
84 3043 212 3109 Italiam,
221 3044 278 3110 ubi,
289 3044 368 3102 omni
382 3044 677 3121 rerumpublicarum
690 3062 761 3101 cura
774 3062 810 3101 ex
820 3043 920 3105 animo
934 3044 1031 3103 dimis-

25 3144 75 3192 sa,
95 3122 152 3181 sibi
167 3133 193 3179 et
206 3120 306 3180 litteris
319 3123 417 3182 vivere
429 3122 580 3182 constituit.
624 3124 702 3181 Tum
717 3122 844 3199 primurn
858 3123 1031 3183 rhetoricam

26 3215 59 3263 et
76 3200 298 3280 philosophiam
320 3201 426 3260 latinae
439 3202 575 3261 orationis
590 3200 656 3261 luce
669 3200 815 3261 illustrare
828 3202 927 3280 coepit,
943 3201 1031 3279 scrip

25 3283 136 3358 sitque
148 3299 216 3338 cum
230 3279 295 3348 alie,
308 3292 370 3339 tum
384 3282 567 3341 Portitims
584 3282 759 3348 Oratoriosr
783 3283 907 3342 Brutum
921 3282 982 3339 sive
996 3282 1030 3341 dc

25 3361 135 3421 clanis
148 3361 331 3427 ecatonbion
351 3373 408 3417 tres
418 3359 507 3418 libros
517 3363 551 3419 de
564 3360 709 3429 Orotom
733 3362 871 3421 Catonem
881 3360 942 3418 sive
953 3360 1030 3426 noos

24 3444 103 3502 dem
120 3439 163 3497 M.
180 3439 303 3497 Gotones
323 3439 671 3514 Uticensis-Sexaginta
685 3448 720 3497 -et
743 3439 816 3497 duos
831 3458 923 3497 annos
945 3450 1029 3500 natus

24 3522 71 3581 de
88 3516 171 3576 filiae
184 3516 393 3586 dilectissimae,
408 3516 535 3587 Tulliae,
558 3528 649 3577 morte
659 3516 788 3576 dolorem
802 3518 927 3595 suscepit
941 3515 1030 3594 longe

23 3595 270 3659 acerbissimum.
314 3596 450 3656 Primum
462 3598 580 3674 quidem
594 3595 676 3655 dolor
690 3593 740 3654 ille
754 3597 851 3655 omnia
872 3597 1029 3673 sapientiae

23 3686 194 3760 praecepta
214 3695 250 3733 ex
270 3677 334 3753 ejus
355 3686 468 3753 pectore
487 3676 650 3734 excussisse
671 3674 825 3744 videbatur,
847 3674 898 3733 sed
917 3672 1027 3743 deinde,
1045 3682 1051 3688 '

24 3774 134 3839 quum
154 3754 261 3817 sensim
281 3755 448 3832 sensimque
466 3774 536 3813 eum
554 3754 630 3815 ferre
643 3752 795 3824 didicisset,
816 3753 984 3831 conscripsit
995 3751 1030 3813 li·
