2300 4059
113 111 133 173 Ι
324 127 461 175 neuneu
476 125 635 174 sumnus
650 125 691 182 ze
706 125 883 172 erasinus.

112 269 226 331 Quarta
238 268 286 327 die
297 289 388 347 quum
400 267 563 328 nuntiatum
576 279 650 327 esset
664 269 817 340 leonidae,
831 284 980 328 summum
992 268 1095 331 monu-

109 364 161 406 um
174 367 313 406 cacumen
326 368 344 405 a
353 348 457 424 viginti
469 349 598 408 milhhus
613 347 736 406 hostium
745 349 843 418 teneri,
854 348 947 406 socios
956 348 1094 418 hortemr,

110 428 254 485 recedant¹
278 435 304 484 et
327 447 353 484 se
374 429 413 484 ad
435 428 555 486 meliora
572 430 692 503 patriae
714 429 1018 504 temperatissimum
1040 428 1096 487 siti
1147 440 1150 455 ’

112 525 174 564 cua
189 506 347 580 Spartanis
353 504 507 582 satanam
522 523 577 563 esse
589 507 805 581 reperiendam·
836 506 915 564 Tum
925 507 1029 564 caeteri
1040 505 1095 563 dis·

110 601 233 659 cessere3
260 583 315 642 soli
330 583 551 643 lacedaemonii
565 593 770 642 remanserunt.
813 584 857 644 Hi
870 599 970 641 ornnes
984 583 1096 643 Xerxis

109 672 202 720 cauta
214 660 312 732 adorti,
327 672 389 740 post
401 662 549 740 ingentem
561 662 679 722 caedem
692 663 798 723 editam
811 661 851 722 ibi
864 661 1067 721 occubuerunt.

3 856 4 859 ¹
111 829 138 892 L
167 833 209 892 tr.
234 831 348 892 Xerxes
363 833 493 896 Graecia
505 841 624 892 vastata
631 832 771 914 sugatur.
813 833 1034 917 (thiatira)

151 986 232 1047 Tum
245 987 359 1048 Xerxes
369 987 458 1048 maris
468 989 610 1047 fortunam
624 988 748 1066 experiri
762 987 861 1048 statuit.
898 985 955 1048 Sed
967 998 1035 1046 ante
1047 1007 1097 1046 na·

110 1067 184 1126 ralis
201 1068 305 1145 proelii
317 1068 564 1144 congressionem²
578 1066 655 1124 misit
676 1079 798 1143 quatuor
811 1065 903 1126 millia
916 1078 1096 1126 innatorum

76 1195 80 1201 .
113 1145 254 1223 Delphos⁸
273 1146 309 1204 ad
323 1158 380 1205 tem
401 1144 464 1204 lum
478 1144 625 1223 Apollinis
646 1144 845 1222 diripiendum
890 1149 976 1209 Quae
989 1165 1097 1204 manus

110 1235 167 1284 tota
180 1223 320 1284 imbribus
334 1234 361 1282 et
406 1222 544 1283 lminibus
559 1223 650 1284 deleta
669 1234 719 1291 est,
741 1235 772 1282 ut
793 1223 992 1302 intelligerent,
1007 1243 1097 1300 quam

109 1303 218 1364 nullue⁴
238 1313 333 1364 essem
352 1303 506 1362 hominum
532 1302 670 1362 adversus
699 1303 778 1362 Deos
806 1303 888 1362 vires.
931 1304 1002 1362 Post
1022 1303 1096 1361 haec

112 1383 258 1460 Thespius
265 1394 293 1442 et
303 1382 447 1447 Plataeas⁵
463 1394 489 1440 et
498 1382 640 1442 Athenas⁸
653 1400 758 1440 vacuas
772 1381 938 1440 horninibus
952 1380 1096 1456 incendit;

110 1471 139 1520 et
159 1463 297 1537 quonium
318 1462 393 1520 ferro
413 1461 445 1520 iu
465 1457 596 1520 homines
616 1479 675 1518 non
695 1463 819 1536 poterat,l
837 1461 868 1520 in
881 1459 1012 1518 aedificia
1026 1461 1096 1535 igue

111 1549 267 1620 grassatur.
310 1540 405 1614 Cujus
419 1538 544 1599 incendii
558 1539 786 1615 flammasquum
801 1539 928 1598 viderent
943 1537 1095 1596 Graeciin

111 1615 205 1676 classe
231 1617 343 1676 circum
372 1617 530 1676 Salumias¹¹
550 1616 676 1676 insulam
705 1618 826 1688 statuta,⁹
853 1616 995 1677 dhsemio
1022 1617 1097 1674 inter

111 1695 256 1832 plrpencipes
269 1706 330 1753 orta
343 1705 396 1764 est·
407 1714 499 1771 quum
511 1695 630 1773 plurimi
645 1695 833 1765 hortarentur,
854 1707 885 1754 ut
906 1695 1007 1754 domos
1027 1714 1097 1752 suas

134 1775 139 1788 '
173 1771 288 1833 ederent
308 1773 517 1850 moenibusque
545 1793 577 1832 se
603 1773 791 1834 defenderent.
834 1777 914 1834 Tum
935 1773 1099 1832 Themisto·

112 1853 179 1922 cles,
193 1852 417 1912 Atheniensium
438 1852 598 1930 imperator,
619 1853 730 1922 timens,
751 1874 788 1912 ne
801 1852 929 1912 discessu
951 1853 1098 1912 sociorum

112 1932 189 1991 vires
203 1933 346 1992 Graeciae
359 1931 566 1998 minuerentur,
576 1951 627 2008 per
635 1949 759 1990 servum¹
767 1932 857 1990 fidum
870 1932 965 1992 Xerxi
977 1931 1098 1999 nuntiat,

112 2030 169 2072 aaa
182 2013 283 2073 ialaco
293 2029 355 2072 cara
369 2019 534 2070 contractas
544 2010 687 2070 Graeciae
696 2013 772 2072 vires
779 2010 927 2089 facillime
937 2013 1098 2086 muniere

109 2110 196 2166 passa
240 2091 324 2157 Quia
343 2093 370 2152 ri
386 2090 495 2167 papali,
507 2090 556 2165 qui
571 2089 637 2165 jam
651 2090 732 2148 abire
753 2091 864 2156 uellent,
875 2090 1097 2164 dissiparentur,

113 2169 221 2244 majori
234 2171 331 2228 labare
342 2169 369 2228 ei
377 2171 509 2246 singalas
523 2169 721 2226 consectandos
735 2187 797 2228 esse.
833 2170 899 2228 Hoc
910 2167 975 2226 dolo
984 2167 1099 2244 impulit

113 2264 222 2324 regem,
235 2257 266 2306 ut
275 2247 394 2324 siguum
403 2266 521 2325 pugnae
530 2245 617 2306 daret.
660 2247 767 2306 Graeci
777 2258 891 2323 quoque
899 2245 1023 2304 adventu
1035 2245 1100 2304 hos·

112 2327 186 2384 tium
208 2327 296 2385 eoacti
319 2336 386 2384 sunt
404 2324 548 2404 proelium
561 2325 672 2384 collatis
685 2325 794 2382 viribus
808 2343 965 2402 capessere.
1010 2325 1100 2384 Inter·

113 2423 220 2474 sares,
233 2405 312 2463 velut
324 2413 465 2482 spectatu
483 2423 607 2482 pugnae,
627 2402 659 2462 in
691 2403 774 2462 litore
796 2413 930 2463 remanet.
973 2401 1099 2462 Artemi·

113 2483 270 2552 manum,
281 2483 383 2560 regim
392 2481 703 2558 Halicamussi,¹⁰quae
712 2481 742 2540 in
757 2482 899 2542 auxilium
908 2481 1002 2541 Xerxi
1016 2501 1100 2541 rene·

113 2572 164 2630 rut.
177 2561 304 2638 plurima
316 2561 348 2621 in
361 2561 416 2620 hoc
435 2561 533 2641 navali
553 2561 667 2654 proelio
689 2561 802 2640 virtutis
824 2561 994 2620 documenta
1013 2559 1096 2619 dedit

114 2642 162 2700 Sic
176 2640 228 2702 illu
239 2651 368 2718 tempore
379 2641 411 2699 in
420 2641 484 2699 viro
496 2639 648 2698 muliebris
657 2641 748 2708 timor,
760 2641 790 2698 in
798 2640 921 2698 muliere
929 2637 1025 2698 virilis
1034 2657 1101 2698 con·

3 2768 4 2771 η
114 2719 287 2798 spiciebatur
300 2718 427 2779 audacie.
471 2721 573 2782 Quum
581 2719 724 2794 proelium
733 2733 839 2796 anceps
850 2728 930 2787 esset,
946 2719 1040 2788 lones,
1050 2715 1101 2794 qui

114 2817 182 2858 aum
205 2799 292 2875 regnu
311 2797 485 2876 pugnabunt,
514 2819 533 2857 a
554 2795 750 2856 Themistocle
770 2797 912 2874 instigati·
931 2815 1051 2874 pugnae
1069 2815 1102 2856 se

114 2875 254 2954 paulatim
267 2875 436 2936 subtrahere
448 2885 619 2952 coeperunt;
641 2891 766 2952 quorum
780 2875 898 2942 delectio
911 2875 1025 2933 animos
1038 2893 1102 2933 cae·

114 2965 242 3015 terarum
246 2955 341 3030 tregit.
384 2953 482 3031 Itaque
490 2953 754 3032 circumspicientes
764 2953 864 3031 lugam
873 2955 1021 3032 pelluntur
1032 2955 1103 3015 Per·

115 3052 173 3104 ne,
186 3043 214 3092 et
226 3051 303 3102 mox,
312 3033 426 3111 praelia
435 3033 511 3102 vieti,
524 3033 557 3092 in
569 3033 670 3110 firgam
683 3042 839 3092 vertuntur.

246 3199 289 3257 ts.
312 3196 424 3257 Xerxis
435 3198 469 3257 ia
482 3200 586 3258 Asiani
601 3199 721 3260 reama.
753 3195 839 3280 (Ibid.
855 3197 895 3258 ll.
914 3197 972 3276 ts.)

157 3352 319 3416 Haeclade
332 3352 481 3432 perculsus
495 3353 610 3413 Xerxes
620 3351 738 3412 domum
747 3350 842 3412 redire
854 3351 957 3420 staurit,
966 3363 1049 3430 parte
1057 3372 1103 3414 er·

68 3435 72 3443 '
116 3433 222 3493 orcitus
234 3451 303 3492 cum
312 3431 467 3493 Mandonio
475 3433 507 3491 in
518 3432 646 3491 Graecia
660 3432 767 3492 relicte.
803 3431 862 3490 Sed
871 3431 987 3500 Graeci,
1002 3431 1102 3492 auditi

116 3513 196 3590 regis
208 3511 288 3590 luga,
294 3514 445 3571 eonsilium
456 3512 555 3572 ineunt
567 3510 664 3590 pontis
676 3509 837 3587 rumpendi,
850 3527 908 3586 ¹quo
923 3508 974 3584 ille
988 3510 1103 3570 Helles·

116 3592 256 3669 pontumss
263 3593 404 3668 junxerat,
414 3601 446 3649 ut
458 3589 614 3650 interclusa
627 3589 721 3648 reditu
734 3607 802 3647 cum
816 3588 948 3664 reliquiis
960 3590 1103 3648 exercitus

115 3668 266 3730 deleretur.
307 3669 364 3728 Sed
379 3666 588 3728 Themistocles
601 3667 713 3733 timens,
727 3685 765 3725 ne
774 3665 922 3727 interclusi
932 3663 1030 3724 hostes
1043 3667 1103 3737 iter,

115 3745 193 3824 quot
213 3747 377 3806 aliter-nou
396 3756 510 3825 putem,
528 3745 605 3806 serra
619 3745 815 3825 patefacerent,
836 3763 954 3806 sermm
969 3742 1009 3804 sd
1030 3743 1104 3806 Ier-
