2300 4059
262 132 586 178 -ararramooarrr
601 133 644 178 aa
657 133 835 178 sarriana.
1022 117 1043 180 9

60 291 129 333 xern
142 272 234 342 mittit,
255 271 462 363 certioremque
472 273 539 333 facit
550 273 665 364 consilii
678 295 696 333 a
710 273 833 332 Graecis
848 272 937 350 capti;
959 283 986 332 et
998 291 1044 364 oc·

60 351 1043 520 tntfflffilfftitihtln¹l⁰rt2⁰tl⁰ltltit

61 509 214 567 contendit.
257 509 317 567 Ubi
339 527 430 584 quum
451 510 576 568 solutum
598 522 712 586 pontem
734 509 862 568 hibernis
875 518 1044 586 tempestatr·

60 588 117 646 bus
130 586 301 653 offendisset
322 588 474 664 piscatoria
486 587 594 665 scapha
606 588 732 665 trepidus
746 589 859 663 trajecit.
904 586 1043 646 Pedestri·

59 685 113 724 um
136 668 292 742 copiarum,
313 684 385 741 quas
399 665 520 724 ducibus
532 665 692 734 tradiderat,
706 667 833 724 maxima
845 685 911 743 pars
925 676 1003 742 peste
1016 676 1043 724 et

58 743 161 820 inopia
173 743 271 820 perilt3
291 754 425 820 tantaque
446 746 490 802 vis
504 744 574 802 mali
594 745 653 812 fuit,
671 756 701 804 ut
715 745 779 802 viae
792 743 978 802 cadaveribus
991 743 1043 806 im·

58 823 216 898 plerentur,
238 821 377 900 aliterque
398 833 425 880 et
438 823 521 892 ferae,
540 823 571 881 in
584 823 721 902 praedam
733 823 863 893 intentae,
886 823 1043 901 exercitum

58 911 256 978 sequerentur.

75 1072 129 1133 l9.
150 1073 263 1134 Persae
277 1074 356 1149 apud
368 1066 514 1132 Pluicecr
527 1084 553 1132 at
566 1073 706 1152 Mycalen
718 1075 796 1135 victi.
839 1073 893 1158 (Π).
911 1073 949 1136 ll.
968 1079 1010 1138 lt.
1027 1057 1031 1064 ¹

183 1152 270 1210 Corn.
287 1153 362 1228 Nep.
378 1153 435 1211 Vit.
453 1152 527 1211 Cim
542 1173 565 1211 c.
582 1158 607 1214 2.
650 1153 707 1212 vit.
723 1153 840 1212 Aristid.
856 1171 879 1212 c.
895 1155 935 1234 2.)

100 1292 257 1351 Caeterum
278 1292 391 1351 fortuna
414 1292 572 1353 Persarum
594 1311 662 1352 cum
684 1292 756 1352 duce
778 1303 885 1354 mutata
906 1314 965 1352 uon
991 1305 1040 1356 est.

58 1370 232 1432 Mardonius
242 1370 350 1448 proelio
359 1370 437 1447 apud
446 1370 577 1430 Plataeas
587 1371 687 1439 victus,
697 1373 965 1450 relutenaulragr'o,
974 1393 1042 1434 curu

58 1449 310 1526 paucisprofugit;
331 1449 417 1526 pauci
430 1449 731 1526 militumsugaelapsi
742 1461 814 1509 runt.
850 1451 962 1510 Eodem
971 1453 1043 1512 forte

59 1527 113 1596 die,
134 1547 192 1604 quo
214 1527 359 1586 Mardonii
379 1529 479 1605 copiae
499 1528 608 1588 deletae
628 1540 701 1596 sunt,
716 1524 802 1588 ¹etiarn
821 1529 917 1590 navali
931 1532 1043 1609 proelio

58 1606 90 1664 in
104 1607 179 1666 Asia
192 1607 354 1664 submonte
375 1607 501 1684 Mycale’
518 1606 657 1666 adversus
679 1608 783 1667 Persas
804 1607 970 1668 dimicatum
991 1620 1041 1672 est.

61 1685 105 1743 Ibi
117 1695 184 1743 ante
197 1684 339 1761 proelium
353 1684 546 1754 commissum,
567 1705 658 1761 quum
679 1685 785 1746 classes
799 1706 835 1745 ex
855 1687 974 1746 adverso
988 1700 1041 1748 sta·

59 1772 128 1832 rent,
150 1762 228 1822 sama
240 1762 276 1820 ad
296 1774 449 1839 utrumque
468 1763 626 1822 exercitum
638 1765 722 1832 venit,
743 1765 846 1824 vicisse
864 1767 993 1828 Graecos
1013 1778 1041 1828 et

60 1840 207 1899 Mardonii
220 1841 317 1918 copias
332 1840 437 1900 deletas
450 1860 519 1900 esse
554 1842 615 1906 Qui
628 1842 752 1912 nuntius,
763 1855 795 1900 ut
807 1862 859 1921 par
873 1855 939 1912 erat,
950 1847 1040 1904 Grae

59 1938 160 1978 corum
173 1919 365 1979 fortitudinem
378 1931 405 1979 et
418 1919 555 1978 fiduciam
574 1920 661 1989 auxit,
686 1921 843 1980 Persarum
855 1923 967 1982 animos
987 1923 1040 1982 fre·

59 1999 108 2073 git.
152 1998 260 2076 Captae
272 2010 339 2057 sunt
359 1997 407 2066 ihi,
429 1999 571 2057 Cimonis
591 1999 743 2076 praecipue
756 2000 859 2058 virtute
872 2012 956 2078 atque
975 2019 1040 2062 con·

59 2075 132 2145 silio,
151 2075 291 2135 ducentae
311 2095 400 2137 naves
415 2077 601 2214 offirmtum*
621 2087 647 2134 et
662 2077 862 2147 Phoenicum,⁵
882 2079 1041 2157 eodemque

58 2154 105 2213 die
117 2155 149 2214 in
161 2165 239 2214 terra
249 2157 377 2215 maxima
389 2156 434 2215 ris
482 2155 633 2214 charorum
645 2166 784 2233 prostrata
798 2167 846 2218 est
880 2159 949 2220 Post
963 2159 1040 2218 hanc

58 2234 208 2292 victoriam
227 2234 388 2292 maritimae
407 2253 454 2292 res
471 2233 696 2298 Atheniensium
708 2233 815 2295 indies
826 2237 921 2314 magis
936 2238 1040 2298 llorere

57 2324 220 2389 coeperunt.
263 2315 366 2376 Quum
378 2313 457 2372 enirn
469 2322 554 2371 antea
566 2322 594 2371 et
615 2322 692 2370 terra
704 2322 730 2371 et
751 2313 825 2372 mari
844 2314 931 2374 duces
944 2327 1039 2390 essent

59 2390 288 2459 lacedaemonii,
302 2393 408 2451 facturn
421 2402 470 2460 est,
491 2394 523 2450 ut'
535 2409 650 2450 summa
663 2391 776 2468 imperii
795 2394 935 2456 maritimi
952 2415 970 2454 a
985 2397 1040 2456 La-

57 2469 256 2540 cedaemoniis,
283 2470 481 2528 transferretur
506 2468 543 2528 ad
569 2468 771 2532 Athenienses.
814 2473 881 2534 Hoc
906 2473 1039 2552 inprimis

57 2547 179 2606 Aristidi
194 2547 354 2616 debebatur,
363 2547 421 2625 qui,
431 2566 522 2624 quum
534 2549 566 2607 in
578 2549 726 2608 communi
740 2549 885 2610 Graeciae
895 2552 988 2612 classe
997 2571 1039 2614 es·

58 2637 98 2685 set
110 2625 201 2684 simul
213 2645 282 2687 curu
295 2623 544 2697 Pausania⁸duce
558 2626 861 2698 Lacedaemoniorum,
872 2649 1039 2693 summare·

57 2703 162 2780 quitate
183 2714 211 2762 et
232 2704 408 2781 humanitate
429 2704 529 2775 effecit,
551 2715 582 2763 ut
601 2706 743 2764 Graeciae
755 2705 889 2776 civitates,
903 2709 1039 2784 superbia

58 2781 221 2842 Pausaniae
229 2785 361 2858 offensae,
371 2781 406 2842 ad
427 2783 650 2844 Atheniensium
664 2802 727 2846 sese
740 2783 903 2846 societatem
916 2785 1039 2863 applica·

56 2872 125 2930 rent,
140 2859 252 2937 hosque
265 2861 320 2922 sibi
339 2866 427 2922 duces
448 2861 586 2922 aduersus
605 2861 741 2921 barbaros
763 2860 927 2940 deligerent
970 2867 1038 2928 Hoc

56 2953 153 2998 autern
165 2939 287 3017 imperio
301 2935 339 2998 ita
352 2940 398 2998 usi
411 2951 477 3000 sunt
486 2940 688 3010 Athenienses,
702 2950 733 2998 ut
745 2941 824 3002 brari
836 2953 899 3021 pest
911 2953 1041 3024 tenpore

56 3018 109 3076 soli
124 3017 244 3078 inmari
257 3036 380 3096 regnare
393 3019 563 3101 riderentur.
992 3019 993 3024 ’

56 3195 101 3254 20.
124 3193 373 3274 Xerrirfcmilio,
384 3205 449 3272 post
458 3199 539 3274 regis
549 3199 669 3266 audam,
684 3198 843 3262 domesticis
852 3203 1039 3279 reditionibus

346 3277 472 3352 agitatu
515 3275 630 3358 (Justin.
647 3277 702 3336 ΙΙΙ.
723 3279 759 3355 1.)

93 3413 166 3473 Post
178 3413 289 3476 bellum
307 3415 341 3475 in
355 3416 481 3477 Graecia
499 3415 649 3490 infeliciter
662 3429 782 3495 gestum,
799 3420 924 3489 Xerxes,
944 3431 1039 3482 terror
1123 3471 1127 3478 .

54 3502 139 3550 antea
151 3493 290 3569 gentium,
304 3495 390 3556 etiam
403 3495 465 3554 auis
478 3496 632 3557 contemtui
645 3515 709 3556 asse
721 3497 819 3575 coepit
853 3499 970 3589 Quippe
982 3502 1039 3560 An

53 3570 182 3642 tabanus,
203 3572 363 3650 praelectus
382 3576 452 3652 ejus,
474 3573 621 3633 deficiente
641 3575 766 3652 quotidie
786 3577 865 3653 regis
884 3587 1038 3653 majestate,

12 3612 14 3763 l
103 3669 137 3709 m
156 3652 242 3741 regni
260 3651 391 3730 concepit
409 3653 515 3722 animo,
545 3663 573 3712 et
600 3673 668 3718 cum
696 3665 804 3732 septem
832 3655 1043 3729 robustissimis

12 3768 13 3773 κ
52 3665 122 3790 aiis
136 3747 251 3808 regiam
263 3731 376 3809 vesperi
389 3731 547 3810 ingressus,
568 3731 698 3792 Xerxem
716 3729 871 3793 trucidavit
914 3728 994 3794 Tum
1004 3745 1037 3802 ιιι*

12 3890 16 4025 l
