2300 4059
3 136 4 139 ,
76 72 175 164 ¹bo*
313 84 367 147 Vl
409 102 448 147 or
461 100 528 147 ras
541 98 897 145 asoarasrrrauoras

114 244 243 307 thiorum
252 247 371 313 colonia,
382 264 419 303 ex
427 243 554 321 quinque
564 244 683 303 urbibus
692 242 822 301 conflata
856 236 1097 302 AbAtheniensl·

114 326 170 387 bus
183 324 258 385 bello
271 324 373 403 petitu,¹
387 323 529 381 maximas
548 323 675 381 hostiurn
694 322 793 399 copias
805 319 923 380 delevit:
945 318 1098 396 Carthagi·

115 406 230 465 irienses
253 404 340 461 etiam
362 404 477 479 magnis
501 402 644 461 interdum
666 400 796 459 cladibus
821 400 921 459 affecit
962 398 1096 459 Secundo

115 484 190 543 bello
210 483 332 573 runica
345 502 396 561 per
415 480 572 541 triennium
592 491 764 559 oppugnata,
778 476 976 539 Archimedis'
986 477 1099 571 potissi»

116 557 868 718 ruitur?srtnrttrrantprsttr
890 557 1100 727 artu

115 738 151 779 us
165 721 259 787 amnia
272 739 309 778 ex
322 719 521 797 Peloponneso
572 738 587 776 r
599 737 680 777 mare
693 717 809 776 Ionium
828 716 928 794 lapsus
946 720 1099 775 comissarl

116 798 236 876 dicitur3
257 816 327 859 nam
340 798 365 856 si
379 798 448 875 quid
460 798 497 856 ad
511 799 539 857 Ο
550 796 689 876 ympiam⁴
701 798 733 856 in
752 796 837 855 illum
856 814 973 854 amnem
988 794 1000 871 j

115 878 207 949 luerit,
221 877 252 937 id
271 877 302 937 in
316 877 479 937 Arethusae
492 877 567 935 fonte
580 875 681 935 reddi.⁵
722 876 768 935 De
780 874 833 933 illa
845 874 943 934 abula
955 872 1026 951 quid
1045 885 1101 935 sta·

115 957 253 1017 tuendum
267 958 310 1027 sit,
324 967 424 1034 sponte
436 967 558 1034 apparet

156 1040 202 1097 23.
226 1038 261 1095 In
270 1036 344 1095 mari
356 1035 504 1113 Ligustico
514 1034 660 1094 insulaest
670 1032 799 1103 Corsica,
808 1052 897 1109 quam
907 1029 1015 1091 Graeci
1026 1032 1101 1111 Cyr-

116 1134 188 1175 num
211 1127 319 1174 vocant.
362 1116 456 1173 Terra
478 1132 581 1191 aspera
598 1112 758 1189 multisque
780 1112 852 1171 locis
873 1112 960 1188 iuris.
983 1109 1100 1171 coelum

69 1232 71 1237 ·
116 1214 212 1272 grave,
223 1212 304 1253 mare
312 1192 391 1253 circa
403 1192 606 1271 importunum.
650 1189 767 1249 Incolae
775 1189 932 1250 latrociniis
941 1189 1037 1258 dediti,
1048 1190 1100 1252 teri

116 1285 219 1335 suntet
231 1272 350 1333 horridi.
386 1268 811 1349 Mellaquoqueilliusinsulae
819 1268 1101 1331 mnamessedicun·

115 1364 162 1412 tur
181 1352 406 1431 corporibusque
423 1370 535 1411 nocero.
578 1349 716 1409 Proxima
736 1349 763 1407 ei
782 1360 826 1408 est
839 1346 980 1418 Sardinia,
994 1367 1101 1425 quaes

118 1432 240 1491 Graecis
260 1430 464 1491 mercatoribus
483 1429 610 1489 Ichnusa
622 1439 747 1497 vocaurr,
761 1430 830 1505 quia
842 1428 964 1487 formam
976 1426 1101 1488 humani

115 1510 240 1587 vestigio
252 1510 344 1571 habet.
386 1508 489 1569 Solum
509 1528 597 1585 quam
616 1508 731 1567 coelum
750 1508 863 1567 melius.
907 1504 986 1565 lllud
997 1505 1100 1576 fertile,

115 1587 172 1648 hoc
186 1608 274 1665 grave
288 1608 321 1647 ac
335 1584 463 1647 nonium.
500 1588 600 1651 Noxia
608 1605 724 1663 quoque
730 1586 870 1647 animalia
882 1586 1047 1663 herbasque
1055 1606 1101 1644 ve·

115 1679 234 1727 nenatas
244 1667 344 1745 gignit.
381 1667 508 1726 Multum
520 1666 587 1727 inde
596 1665 730 1723 frumenti
740 1667 865 1725 Romam
874 1664 1007 1743 mittitu13
1022 1663 1101 1723 unda

115 1745 187 1809 haec
200 1746 296 1805 insula
310 1756 336 1805 et
349 1744 449 1805 Sicilia
461 1755 588 1805 nutrices
603 1744 693 1803 Urbis
706 1755 851 1806 vocantur.

154 1829 200 1886 24.
224 1825 349 1885 Graecia
362 1824 486 1883 nominis
496 1823 658 1884 celebritate
668 1842 768 1882 omnes
776 1823 836 1882 fere
844 1822 917 1882 ahos
925 1821 1005 1881 orbis
1013 1831 1102 1883 terra·

114 1914 503 2061 Msttttssttqtttri
515 1902 1102 2057 dhlttttttttffitsstffl

114 2062 209 2122 coluit.
252 2062 400 2122 Plurimae
413 2061 513 2120 cadem
522 2060 655 2119 colonias
675 2061 706 2119 in
725 2078 826 2119 omnes
839 2071 932 2119 terrae
944 2071 1041 2137 partes
1054 2060 1102 2119 de-
1129 2086 1137 2102 ·

115 2138 201 2201 duxit.
244 2140 372 2200 Multum
395 2140 490 2217 itaque
507 2150 584 2217 terra
602 2138 741 2215 marique
758 2138 855 2208 valuit,
877 2150 904 2197 et
924 2138 1101 2215 gravissimu

114 2219 191 2281 bella
204 2238 312 2295 magna
324 2230 397 2277 cum
406 2218 499 2295 gloria
513 2218 608 2294 gessit.

154 2303 200 2359 25.
223 2296 349 2355 Graecia
371 2296 443 2354 inter
468 2297 584 2357 Ionium
605 2306 632 2354 et
651 2299 806 2375 Aegaeum
827 2314 909 2355 mare
930 2296 1099 2374 porrigitur.

116 2378 152 2437 ln
174 2374 314 2455 plurimas
336 2374 469 2453 regiones
490 2374 583 2433 divisa
602 2386 651 2445 est,
672 2394 795 2452 quarum
814 2374 1013 2453 amplissimae
1031 2388 1102 2435 sunt

116 2453 287 2547 Macedonia
304 2465 331 2512 et
348 2449 685 2544 Epirus-quamquam
703 2454 759 2512 hae
777 2476 796 2513 a
812 2454 950 2514 nonnulis
969 2474 988 2512 a
1008 2456 1103 2515 Grae·

114 2532 1103 2691 ttrttttttttrlrttrilotlralttltttbl'lltoat

115 2692 162 2752 hic
177 2693 281 2751 Asiam
294 2690 433 2751 latissime
446 2691 562 2761 domuit,
576 2702 762 2769 ereptumque
776 2692 875 2751 Persis
891 2692 1049 2769 imperium
1070 2694 1103 2753 in

115 2771 291 2831 Macedones
304 2769 464 2829 transtulit.⁹
505 2770 630 2829 Centum
643 2770 706 2845 ejus
720 2754 853 2847 regionis
866 2782 894 2829 et
906 2770 1103 2848 quinquagin-

114 2861 141 2909 ta
155 2851 242 2910 urbes
255 2860 460 2927 numerantnr3
482 2868 606 2927 quarum
619 2850 800 2926 septuaginta
812 2849 893 2917 duas,
904 2850 1024 2918 Perseo,
1034 2852 1103 2915 ulti·

114 2948 162 2989 mo
176 2928 365 2988 Macedoniae
378 2946 455 3005 rege,
470 2930 622 3005 superato¹⁰
636 2928 748 2988 Paulus
762 2928 907 2988 Aemilius
921 2928 1049 3005 diripuit

153 3012 199 3067 26.
219 3008 336 3085 Epirus,
346 3026 421 3084 quae
428 3007 464 3066 ab
473 3007 698 3067 Acrocerauniis
707 3006 805 3085 incipit
812 3007 983 3078 montibus‚'¹
992 3006 1105 3069 desinit

113 3086 145 3145 iri
158 3085 292 3147 Acheloo
306 3086 433 3145 flumine.
476 3086 582 3145 Plures
595 3106 660 3144 eam
673 3086 773 3163 populi
793 3085 929 3147 incolunt
972 3084 1104 3149 Illustris

113 3164 152 3224 ibi
170 3162 294 3225 Dodona
306 3167 338 3224 in
352 3166 548 3224 Molossorum
561 3164 666 3223 finibus
680 3166 872 3224 vetustissimo
885 3167 965 3225 Jovis
979 3169 1105 3230 oraculo

113 3244 226 3316 inclyta.
271 3240 430 3303 Columbae
443 3242 483 3319 ibi
503 3263 538 3301 ex
555 3244 705 3303 arboribus
725 3244 843 3305 oracula
855 3244 968 3304 dedisse
980 3264 1107 3307 narran-

112 3332 173 3381 tur:
189 3341 368 3401 quercusque
378 3322 454 3400 ipsas
464 3332 490 3381 et
501 3322 721 3382 lebetesaeneos
735 3322 802 3383 inde
811 3343 966 3403 suspensos
976 3322 1106 3387 deorum

112 3400 288 3462 voluntatem
300 3403 404 3460 tinnitu
419 3400 620 3478 significasse12
630 3401 708 3461 fama
720 3413 769 3462 cst.

152 3484 204 3539 27..
221 3478 346 3540 Acheloi
361 3480 443 3538 fluvii
464 3480 543 3540 ostiis
564 3479 677 3539 insulae
696 3482 805 3558 aliquot
821 3482 958 3560 objacent,
972 3500 1107 3558 quarum

111 3559 240 3618 maxima
260 3568 302 3616 est
324 3557 542 3635 Cephallenia¹³
582 3559 693 3619 Multae
712 3571 859 3637 praeterea
878 3560 992 3620 insulae
1012 3560 1106 3625 littori

113 3635 200 3712 Epiri
216 3636 351 3712 adjacent,
367 3636 496 3711 interque
510 3656 558 3695 eas
575 3638 732 3707 Corcyra¹⁴
745 3658 834 3715 quarn
849 3640 998 3699 Homerus
1013 3640 1108 3703 Sche

112 3712 188 3773 riam
200 3715 361 3792 appellasse
374 3714 559 3777 existimatur.
603 3716 638 3775 In
652 3716 706 3775 hac
721 3717 874 3777 Phaeacas
893 3719 989 3798 posuit
1006 3718 1064 3781 ille
1080 3734 1109 3783 et
