2300 4059
18 3899 50 3989 h

104 100 160 161 10⁰
450 112 556 157 ornus
570 114 752 161 secuuntur.

100 254 133 316 in
145 254 315 315 concionem
327 273 516 331 magnacum
537 256 747 332 exspectatione
760 256 844 328 venit,
858 258 1000 336 dixitque:
1020 272 1070 337 pen

100 332 172 394 utile
184 353 248 393 osse
267 332 428 403 consilium,
442 333 520 410 quod
533 334 744 395 Themistocles
757 336 881 407 afferret,
893 338 944 396 sed
964 338 1073 399 minime

100 412 261 472 honestum
304 414 404 490 Imque
425 412 627 484 Athenienses,
651 415 727 492 quod
747 410 901 475 honestum
926 436 986 476 non
1002 428 1072 488 esset,
1131 418 1132 425 ’

100 491 130 551 id
145 490 267 552 neutile
285 492 403 569 quidem
422 502 601 569 putaverunt,
614 502 759 571 totamque
778 514 843 553 eam
863 514 933 564 rem,
948 514 1032 573 quam
1043 516 1075 555 ne

101 571 253 728 pppiiprppt
271 570 395 649 quidem,
416 582 532 632 auetooe
546 572 682 661 <Aristide
701 574 935 667 reppdiaverunt.
965 616 968 623 ,
987 574 1074 656 (Offie.

383 810 439 869 11L
461 809 527 869 utri
545 786 689 885 Torquati
699 814 801 887 pictos.

143 965 236 1027 Lucio
251 965 371 1036 Manlio,
389 986 480 1043 quum
496 968 625 1026 Dictator
638 967 745 1035 luisset,
770 966 888 1026 Marcus
908 966 1080 1043 Pomponius

101 1047 235 1108 tribunus
254 1044 354 1123 plebis,
369 1046 446 1105 diem
463 1046 540 1114 dixit,
554 1046 631 1123 quod
651 1047 676 1104 is
689 1066 797 1125 paucos
811 1046 865 1104 sibi
887 1044 950 1105 dies
964 1046 1000 1103 ad
1021 1047 1082 1105 Dic·

100 1134 226 1187 tatumm
239 1126 396 1201 gerendam
408 1125 569 1184 addidisset.
613 1126 827 1184 Crimiuabatur
840 1124 933 1191 etiam,
948 1125 1025 1201 quod
1039 1126 1082 1185 'Pi-

101 1214 166 1265 tum
179 1204 280 1273 filium,
295 1205 345 1281 qui
365 1215 463 1281 postea
476 1216 518 1262 est
539 1206 704 1281 Torquatus
724 1204 895 1271 nominatus,
909 1204 947 1260 ab
968 1203 1083 1263 homini·

102 1283 157 1342 bur
170 1282 231 1344 rele
347 1295 374 1342 et
387 1303 456 1343 rure
468 1283 597 1343 habitare
607 1283 746 1359 jussisset.
790 1282 879 1345 Quod
899 1301 989 1359 quum
1011 1282 1085 1343 audi·

102 1360 190 1421 visset
208 1295 375 1426 amentem
396 1361 475 1421 filius
505 1363 655 1439 negotium
676 1362 806 1421 exhiberi
825 1361 907 1439 patri,
929 1363 1085 1421 accurrisse

104 1441 239 1512 Romam,
254 1452 281 1499 et
293 1459 361 1499 cum
371 1442 465 1519 prima
476 1440 544 1513 ,luce
554 1442 709 1519 Pomponii
719 1440 837 1500 domum
849 1440 964 1498 venisse
978 1440 1083 1500 dicitur.

105 1520 164 1579 Cui
177 1539 269 1597 quum
283 1531 357 1579 esset
369 1520 539 1591 nuntiatum,
553 1520 630 1597 quod
640 1519 725 1579 illum
733 1521 838 1579 iratum
846 1518 1004 1577 allaturum
1013 1520 1048 1578 ad
1056 1540 1085 1579 sc

104 1596 214 1675 aliquid
222 1611 321 1657 contra
328 1608 437 1675 patrem
447 1600 639 1668 arbitraretur,
648 1596 1086 1677 surrexitelectulo‚remotisque

103 1677 225 1744 arbitris,
239 1678 277 1735 ad
289 1698 321 1735 se
334 1676 543 1737 adolescentem
552 1679 639 1753 jussit
652 1678 758 1738 venire.
1007 1704 1011 1707 ·

144 1759 185 1816 At
198 1755 255 1825 ille,
270 1769 301 1815 ut
314 1757 464 1833 ingressus
485 1768 533 1825 est,
548 1756 698 1819 eonfestim
719 1756 851 1833 gladium
872 1755 1030 1825 destrinxit,
1048 1757 1088 1832 ju-

104 1838 241 1912 ravitque,
256 1856 288 1895 se
301 1835 386 1894 illum
399 1836 494 1895 statim
509 1838 731 1904 interfecturum,
746 1836 802 1893 nisi
819 1836 1025 1915 jusjurandum
1039 1835 1091 1893 sibi

104 1913 234 1985 dedisset,
249 1935 280 1974 se
300 1914 410 1992 patrem
430 1916 553 1973 missum
565 1934 630 1974 esse
649 1916 797 1973 facturum.
839 1915 959 1983 Juravit,
979 1914 1036 1973 hoc
1050 1933 1092 1971 co·

105 2004 185 2052 actus
199 2005 314 2064 terrore,
330 1994 516 2071 Pomponius
560 1996 637 2052 Rern
651 1993 687 2051 ad
697 1992 837 2071 populum
851 1992 965 2052 detulit:
989 1992 1092 2061 docuit,

105 2092 159 2131 cur
173 2072 228 2131 sibi
250 2092 339 2131 causa
352 2072 488 2132 desistere
507 2092 626 2133 necesse
639 2083 728 2131 esset:
752 2071 899 2131 Manlium
919 2072 1047 2132 missum
1060 2071 1093 2129 fe

105 2151 150 2289 gt.
193 2153 322 2212 Tantum
340 2150 516 2229 temporibus
538 2150 597 2209 illis
615 2150 819 2227 jusjurandum
833 2150 951 2210 valebat.
994 2148 1091 2231 (Offic.

207 2388 260 2447 IV.
283 2388 398 2465 Reguli
411 2389 444 2448 in
452 2389 651 2465 jurejurando
667 2387 860 2449 conseruando
874 2388 993 2465 religio.

108 2566 111 2571 ·
146 2544 266 2605 Attilius
281 2544 423 2622 Regulus,
438 2546 531 2623 primo
546 2546 659 2606 Punico
679 2545 755 2605 bello
770 2555 868 2623 captus
882 2566 901 2603 a
921 2546 1045 2615 Poenis,
1057 2546 1098 2622 ju·

107 2636 186 2687 ratus
199 2626 306 2683 missus
320 2636 362 2684 est
375 2624 412 2683 ad
425 2636 556 2683 senatum
570 2628 745 2693 Romanum,
759 2635 797 2694 ut,
811 2624 869 2682 nisi
883 2624 990 2683 redditi
1005 2633 1099 2683 essent

108 2705 216 2763 Poenis
226 2704 331 2782 captivi
340 2704 450 2763 nobiles
464 2704 589 2781 quidam,
604 2704 708 2765 rediret
722 2704 784 2781 ipse
795 2702 1019 2779 Carthaginem.
1065 2704 1100 2771 Is,

108 2800 199 2859 quum
213 2786 340 2841 Romam
352 2784 482 2853 venisset,
497 2784 528 2841 in
542 2786 642 2859 senatu
655 2782 789 2842 mandata
803 2784 941 2859 exposuit,
964 2782 1022 2841 sed
1041 2782 1100 2843 red·

108 2861 139 2921 di
152 2860 285 2939 captivos
300 2862 417 2940 negavit
439 2882 502 2921 esse
523 2862 609 2921 utile:
631 2860 698 2921 illos
720 2862 801 2921 enirn
814 2860 1016 2921 adolescentes
1033 2881 1103 2929 esse,

109 2950 136 3001 et
148 2941 238 2999 bonos
259 2941 353 3010 duces,
381 2941 492 3018 sejam
512 2943 672 3001 confectum
693 2952 843 2999 senectute.
888 2940 985 3015 Cujus
1010 2958 1104 3017 quum

108 3018 246 3079 valuisset
266 3021 426 3088 auctoritas,
453 3020 556 3099 captivi
578 3020 676 3079 retenti
697 3031 778 3079 sunt:
800 3020 863 3097 ipse
885 3020 1105 3097 Carthaginem

109 3098 209 3175 rediit;
231 3118 326 3175 neque
337 3120 407 3158 eum
420 3099 523 3158 caritas
536 3100 644 3177 patriae
658 3098 780 3167 retinuit,
794 3118 848 3157 nec
862 3117 993 3157 suorum.
1047 3095 1104 3158 Ne·

109 3196 167 3255 que
187 3197 264 3236 vero-
275 3189 337 3236 tum
357 3178 512 3253 ignorabat,
527 3198 558 3237 se
571 3177 609 3237 ad
628 3176 862 3247 crudelissimum
881 3176 1007 3247 hostem,
1025 3188 1057 3235 et
1075 3174 1107 3235 ad

110 3256 252 3333 exquisita
264 3255 407 3334 supplicia
420 3258 576 3335 proficisci:
592 3258 644 3318 sed
649 3256 855 3335 jusjurandum
865 3255 1107 3315 conservandum

109 3337 230 3413 putabat.
272 3336 370 3418 (Offic.
387 3336 443 3396 III.
457 3337 520 3414 26.)

203 3510 236 3569 V.
259 3512 364 3570 Studio
378 3521 405 3570 ct
418 3513 579 3589 discipline
591 3513 672 3573 niuei
682 3508 801 3590 possunt
810 3514 918 3575 innota
930 3513 1025 3573 vitto.

151 3677 316 3755 Stilponem
338 3685 511 3760 Megareum
534 3686 748 3765 philosophum,
771 3698 889 3749 acutum
915 3708 990 3747 sane
1014 3688 1110 3747 homi·

112 3768 180 3824 uem
201 3766 228 3812 et
253 3760 403 3834 probatum
421 3766 598 3841 temponbus
618 3765 678 3826 illis
698 3768 872 3847 accepimus.
916 3770 1017 3829 Hune
1042 3766 1110 3828 scri·
