2300 4059
477 62 575 113 traca
590 64 630 111 rr.
664 114 670 127 ,
906 21 912 29 ’
1001 48 1040 111 rt

63 183 232 271 natubostis
242 204 447 286 judicatrrsest
489 196 943 287 ausuufugaasiueantonius.
956 205 1041 267 mis

64 308 94 347 so
119 289 255 357 exercitu,
282 288 411 367 confugit
436 286 474 347 ad
500 287 662 425 Lepidum,¹
682 286 732 365 qui
759 284 879 346 Caesari
904 286 1041 363 magister

64 368 189 444 equitum
207 368 307 436 fluerat,
325 378 352 426 et
372 376 436 426 tum
449 382 532 444 vgrau
551 386 583 427 es
601 365 698 444 copias
718 365 844 424 militum
865 364 1001 442 habebat3
1023 384 1043 425 a

64 465 117 523 quo
140 457 291 524 susceptus
313 457 360 510 est
403 446 475 505 Mox
498 443 682 505 Octauianus³
704 463 772 503 cum
795 442 919 504 Antonio
941 462 1043 521 pacem

63 524 131 593 lecit,
145 534 173 582 et
187 525 271 602 quasi
285 522 480 583 uudicaturua
500 524 588 601 patris
608 524 654 582 sui
676 533 805 590 mortem,
819 542 837 581 a
849 540 907 599 quo
926 540 978 601 per
989 532 1043 581 tec·

62 613 218 661 ramentum
239 604 329 662 suerat
349 603 504 681 adoptatus,
522 604 648 661 Romam
668 621 736 662 cum
755 601 882 661 exercitu
901 600 1043 679 profectus

61 681 184 749 extorsit,
205 693 237 739 ut
256 682 311 741 sibi
328 682 429 757 juveni
450 680 552 758 viginti
573 698 717 740 annorum
734 680 900 740 consulatus
920 678 1041 739 masur.

63 760 141 819 Tum
159 760 278 836 junctus
299 777 367 819 curn
380 760 507 819 Antonio
522 769 548 819 et
563 755 675 836 Lepido
685 756 896 835 rempublicam
905 758 993 817 armis
1006 768 1044 817 te

62 858 129 899 nere
149 838 251 916 coepit,
265 849 452 917 ceratumque
471 837 654 916 proscripsit*
695 840 755 899 Per
772 839 826 897 hos
838 836 926 897 etiam
937 836 1044 898 Cicero

61 928 157 977 orator
168 918 282 975 coruus
295 928 337 975 est
350 918 491 995 multique
503 916 555 975 alii
567 918 686 978 nobiles.

102 1001 145 1056 13.
170 998 285 1055 Interea
304 998 415 1057 Brutus
433 1006 462 1055 et
484 995 622 1065 Cassius⁸
638 995 831 1056 interfectores
846 992 989 1066 Caesaris
1003 994 1045 1055 in·

62 1092 132 1151 gens
158 1074 272 1135 bellum
297 1084 454 1134 moverunt
496 1074 622 1134 Profecti
642 1084 742 1134 contra
762 1094 812 1134 eos
833 1075 943 1134 Caesar
964 1075 1045 1135 Octa·

62 1154 171 1223 viarius,
183 1153 237 1231 qui
258 1164 354 1231 postea
373 1157 526 1231 Augustus
544 1164 586 1212 est
605 1153 771 1231 appellatus
789 1164 817 1211 et
837 1154 878 1213 M
893 1155 954 1213 An·

60 1234 161 1303 tonius,
184 1232 268 1309 apud
302 1232 471 1309 Pbilrppos‘
497 1231 687 1291 Macedoniae
719 1232 829 1301 urbem,
855 1242 954 1293 contra
967 1211 1045 1327 Ap}

61 1331 107 1370 eos
121 1322 332 1389 pugnaverunt
376 1311 477 1371 Primo
490 1309 600 1389 proelio
611 1312 677 1370 victi
691 1322 759 1369 sunt
767 1311 915 1371 Antonius
927 1320 954 1369 et

61 1391 186 1467 Cassan
209 1391 293 1467 periit
313 1401 413 1449 tamen-
426 1389 486 1447 dux
504 1390 658 1450 nobilitatis
676 1389 811 1466 Cassim3
832 1387 958 1448 secundo
971 1388 1045 1449 Bru·

61 1478 120 1528 tum
137 1480 169 1527 et
190 1468 332 1527 infinitam
352 1468 534 1539 nobilitatem,
549 1488 625 1546 quae
637 1487 706 1536 cum
718 1467 778 1530 illis
790 1467 901 1528 bellum
913 1486 1045 1546 suocepc·

60 1559 107 1619 rat,
122 1548 231 1607 victam
250 1548 457 1623 interfecerunt.
500 1548 581 1607 'lum
593 1550 715 1607 victores
730 1546 939 1625 rempublicam
951 1548 991 1607 ita
1003 1548 1046 1607 in·

60 1638 99 1685 tc'r
116 1646 150 1685 se
163 1626 331 1697 diviserunt,
348 1637 379 1685 ut
400 1627 576 1686 Octavianus
598 1627 708 1705 Caesar
729 1626 896 1703 Hispanias,
912 1624 1044 1696 Gallina*

62 1705 176 1767 ltaliam
196 1715 317 1783 teneret3
346 1706 492 1783 Antonius
513 1705 668 1777 Orientem,
690 1704 829 1783 Lepidus⁸
848 1704 980 1765 Africam
999 1724 1044 1764 ac·

59 1786 96 1843 ci
123 1794 173 1844 ret.

86 1804 144 1923 pil.
168 1860 263 1922 Paulo
284 1862 510 1941 postvlntonius,
527 1860 676 1941 repudiata
692 1880 792 1921 sorore
810 1862 945 1922 Caesaris
963 1863 1045 1921 Octa·

60 1944 144 2012 viani,
161 1942 353 2019 Cleopatram,
368 1942 500 2019 reginam
514 1942 650 2021 Aegypti,
664 1960 785 2000 uxorem
799 1941 886 2000 duxit.
928 1940 977 2000 Ab
989 1940 1044 2001 baa

61 2022 193 2079 incitatus
214 2022 318 2097 ingens
337 2020 447 2080 bellum
467 2022 627 2090 commovit,
642 2019 712 2079 dum
726 2020 879 2097 Cleopatra
890 2018 1044 2097 cupiditate

61 2100 195 2161 muliebri
209 2110 284 2177 optat
298 2100 410 2158 Romae
423 2116 553 2177 regnata
597 2100 700 2158 Victus
720 2109 763 2158 est
778 2098 815 2157 ab
828 2100 975 2175 Augusto’
994 2119 1044 2159 na

61 2179 117 2237 vali
130 2198 233 2257 pugna
243 2178 325 2237 clara
337 2190 364 2237 et
378 2178 483 2239 illustri
496 2178 574 2256 apud
587 2178 735 2246 Actium,¹⁸
746 2178 798 2255 qui
817 2177 899 2237 locua
919 2176 951 2237 in

61 2257 153 2335 Epiro
175 2268 224 2316 est.
268 2258 348 2317 Hinc
369 2258 443 2334 fugit
456 2257 487 2317 in
505 2261 682 2337 Aegyptum,
696 2267 724 2315 et
736 2255 892 2348 desperatis
909 2274 952 2315 re·
964 2236 1042 2354 A&

62 2336 120 2405 bus,
131 2356 224 2415 quum
237 2356 338 2395 omnes
351 2336 388 2395 ad
398 2342 567 2413 Augustum
580 2338 739 2405 transirent,
749 2354 781 2395 ae
793 2337 856 2413 ipse
868 2345 952 2395 mter·
1028 2338 1034 2351 '

62 2416 134 2475 emit.
178 2416 331 2493 Cleopatra
358 2434 471 2493 quoque
497 2415 644 2493 aspidem¹¹
664 2416 720 2475 sibi
745 2414 865 2483 admisit,
885 2425 914 2473 et
933 2434 1044 2475 veneno

65 2495 122 2569 ejus
136 2493 275 2554 exstincta
289 2502 337 2553 cat.
380 2495 423 2553 Ita
441 2494 525 2554 bellis
545 2504 603 2553 toto
622 2493 692 2553 orbe
710 2494 852 2564 confectis,
868 2494 1043 2555 octavianus

66 2575 216 2650 Augustus
226 2574 353 2633 Romam
366 2572 449 2633 rediit
462 2592 538 2631 anno
553 2571 721 2632 duodecimo
749 2592 818 2631 uam
827 2573 930 2633 consul
942 2574 1040 2633 fuerat

66 2652 110 2710 Ex
123 2672 157 2710 eo
171 2652 239 2711 inde
249 2662 379 2729 tempore
392 2650 601 2729 rempublicam
613 2670 665 2729 par
696 2592 869 2728 uairaginta
881 2662 909 2709 et
921 2662 1043 2729 quatuor

65 2750 152 2789 annos
172 2732 253 2793 solus
270 2731 399 2790 obtinuit
442 2733 517 2792 Anto
533 2731 613 2790 enim
625 2729 665 2788 du
702 2731 777 2791 ecim
796 2730 881 2789 annis
900 2750 969 2791 cum
982 2734 1043 2791 An·
1092 2762 1096 2770 ·

65 2811 136 2869 tonio
156 2820 185 2869 at
208 2808 318 2887 Lepido
336 2820 474 2869 tenuerat
518 2810 561 2869 Ita
577 2809 614 2869 ab
631 2808 712 2870 initio
732 2808 909 2888 principatus
921 2808 985 2889 ejus
996 2828 1043 2871 ua·

66 2905 118 2963 que
131 2886 167 2948 ad
180 2888 269 2949 tinem
282 2888 491 2967 quinquiginta
503 2906 556 3025 {021
567 2886 638 2947 anni
651 2888 738 2949 srrera
