2300 4059
199 139 323 184 ornos
336 138 357 181 n
370 138 544 209 crosnoprs
557 138 636 181 vrrs
651 137 892 183 risnnrrornr.
1000 120 1039 179 87

45 290 157 339 contra
177 279 337 348 Metellum
351 280 476 359 egregie.
489 299 523 339 se
541 276 673 351 defendit
689 287 718 337 et
736 277 794 339 telo
813 275 844 335 in
864 296 896 335 se
915 255 1042 353 conjecta

47 358 167 418 retudit.
212 361 276 419 Nec
291 360 327 419 de
348 359 455 437 populi.
469 378 527 435 quo
546 358 699 423 fruebatur,
713 356 810 416 levore
824 356 981 433 quiequam
998 354 1043 415 de-

48 434 832 498 tractumestadversariornmcriminationeetirividia.
868 432 1044 493 Belloenim

46 536 126 575 cum
145 517 294 593 nonnullis
315 519 448 595 gentibus
462 506 588 576 Gallicis
608 527 712 583 exorto,
734 514 784 596 (V.
801 514 834 573 O.
852 513 1042 589 Dcxcrtl.)

47 614 148 672 qnam
163 597 236 669 inter
251 596 368 672 legatos
382 598 431 674 qni
442 596 559 673 quietos
569 595 664 655 adbuc
679 592 832 671 populoso
853 592 929 653 bello
942 592 1043 653 dehor-

48 685 148 733 tatum
171 676 355 742 mitterentur,
375 677 488 753 primus
509 686 586 736 sorte
601 672 708 735 electus
729 684 802 731 esset
819 672 939 749 (Βίωνος
960 670 1043 731 nullo
1139 708 1140 737 2

48 754 143 813 modo
154 754 411 831 vigilantissimum
421 755 499 814 hunc
508 754 641 832 publicos
655 752 756 812 salutis
764 750 912 811 custodem
920 769 957 811 ex
973 748 1058 811 urbe

49 833 228 893 mittendum
241 853 311 904 esse,
322 834 476 892 universus
490 832 614 911 populus
624 830 770 907 judicavit

269 1092 273 1098 1
330 1014 372 1069 18.
397 1012 500 1070 Cicero
513 1012 638 1087 scriptor
647 1018 674 1069 el
684 1019 776 1087 poeto.

82 1166 145 1227 -Εο
159 1168 220 1226 fere
238 1178 367 1246 tempore
381 1167 416 1227 de
430 1168 572 1245 gravioris
580 1166 719 1227 momenti
728 1166 814 1226 rebus
828 1165 1045 1227 inconsolatus

48 1266 85 1306 se
108 1247 207 1323 gestis,
229 1247 343 1325 scripsit
362 1247 591 1316 commentarios,
606 1258 632 1305 et
652 1246 770 1324 quidem
790 1245 918 1305 oratione
932 1264 1043 1321 graeca,

47 1326 90 1384 ad
107 1325 243 1384 Isocratis
256 1326 400 1385 scribendi
415 1345 507 1402 genus
526 1326 701 1384 conformate
722 1336 748 1383 et
771 1324 935 1401 composito.
979 1326 1044 1385 Hos

47 1406 280 1465 commentarios
300 1426 358 1463 non
379 1405 476 1463 solum
497 1424 548 1482 per
570 1405 699 1463 Atticum
721 1422 815 1472 suum,
830 1402 866 1461 ad
887 1422 974 1479 quem
994 1423 1044 1463 eos

49 1484 182 1552 miserat,
197 1484 227 1541 in
249 1485 375 1545 Graecia
388 1484 504 1561 vulgari
525 1485 664 1561 cupiebat,
679 1482 730 1545 sed
752 1482 869 1542 eosdem
884 1483 1045 1543 communi

49 1564 131 1622 cavit
143 1583 210 1622 cum
223 1563 379 1622 Posidonio
397 1563 520 1631 Rhodio,
535 1582 642 1640 rogans
655 1582 731 1631 eum,
746 1572 777 1621 ut
789 1562 828 1622 de
841 1560 944 1620 iisdem
958 1562 1044 1621 rebus

71 1642 210 1702 ulchrius
223 1642 292 1719 quid
311 1659 339 1701 et
353 1643 471 1702 uberius
485 1642 627 1702 scriberet
671 1647 711 1701 At
734 1641 916 1709 Posidonius,
929 1658 963 1699 se
982 1657 1045 1721 pst·

48 1662 137 1781 lectis
158 1720 217 1779 illis
237 1722 449 1782 commentariis
470 1722 565 1799 magis
586 1722 752 1781 deterritum
772 1740 836 1780 esse
849 1718 1043 1797 respondebo,

48 1820 145 1877 quarn
159 1811 190 1858 ut
210 1800 308 1859 simile
321 1801 390 1879 quid
410 1800 446 1858 de
456 1799 515 1858 illis
530 1801 615 1859 rebus
629 1800 726 1859 moliri
740 1800 865 1859 auderet.
908 1798 997 1859 Unde
1006 1799 1045 1859 iu·

48 1879 119 1947 cile,
134 1891 241 1956 quante
256 1880 392 1939 Ciceroni
413 1880 443 1937 in
467 1898 571 1957 graece
584 1878 729 1939 scribendi
748 1890 808 1937 arte
821 1878 906 1937 fuerit
923 1876 1043 1937 facultas

48 1972 142 2035 atque
170 1958 279 2036 peritia,
300 1958 425 2035 intelligi
446 1970 542 2037 potest.
596 1960 665 2017 Post
685 1956 801 2034 aliquod
821 1968 934 2033 tempus
955 1954 1043 2017 latino

46 2058 171 2115 qnoque
184 2039 312 2096 carmine
333 2058 432 2097 rerum
452 2057 515 2096 ase
531 2049 685 2115 gestarum
704 2034 855 2095 historiam
874 2054 939 2095 eom
959 2034 1043 2097 letus
1139 2066 1140 2069 ¹

46 2129 112 2191 est3
135 2116 213 2193 qnod
235 2136 307 2193 opus
330 2118 475 2193 interjecto
493 2116 611 2175 demum
634 2115 732 2193 aliquo
745 2126 873 2193 tempore
886 2054 1043 2191 evulgavit

50 2194 152 2255 Paulo
173 2206 242 2271 post,
263 2207 295 2253 nt
315 2198 462 2273 specimen
475 2195 571 2254 ederet
591 2194 627 2253 de
640 2214 680 2263 ee
695 2212 784 2271 quam
801 2195 832 2252 in
844 2191 931 2271 ‘rebus
951 2192 1044 2272 publi·

46 2275 95 2333 cis
118 2284 145 2333 et
166 2272 299 2334 civilibus
313 2274 368 2334 sibi
381 2286 515 2353 parasset,
529 2274 631 2353 peritia
644 2285 728 2351 atque
741 2272 899 2352 prudentia,
909 2272 1042 2350 potiores,

45 2373 128 2431 quas
144 2353 256 2413 Consul
278 2354 384 2422 hebuit,
399 2354 548 2421 orationes,
569 2352 625 2411 sub
650 2352 734 2411 titulo
767 2354 947 2421 emtores
961 2352 1043 2412 exire

46 2446 141 2509 atque
162 2431 193 2489 in
210 2430 319 2509 vulgus
340 2449 476 2493 entanore
493 2432 586 2509 jussit.
629 2433 689 2491 Sub
703 2431 944 2512 eadsmtemporn
954 2430 1043 2491 edidit

48 2511 148 2581 Arati,
172 2526 270 2588 poetae
284 2512 400 2582 Graeci,
413 2531 532 2571 carmen
549 2511 586 2571 de
606 2511 762 2581 Sideribus⁹
782 2509 859 2589 quod
875 2510 992 2589 jasonis
1011 2510 1052 2569 in·

48 2590 181 2649 latinum
193 2610 358 2650 sermonem
371 2602 554 2651 converteret
661 2624 664 2629 ·

272 2752 314 2807 19.
340 2749 442 2811 Cicero
456 2754 552 2836 monte
565 2749 599 2807 in
613 2749 745 2808 exsiliunt
760 2749 828 2809 etit.
885 2822 886 2827 η

96 2905 130 2964 P.
148 2904 277 2973 Clodius,
290 2906 382 2965 nobili
394 2906 459 2965 loco
481 2916 572 2974 nnus,
587 2905 638 2965 sed
658 2904 738 2964 ferox
757 2900 784 2965 et
805 2922 911 2981 procax
932 2902 1042 2965 adoles·

46 3004 134 3053 cens,
154 3003 245 3061 quum
265 3005 317 3062 per
339 2986 512 3045 Ciceronem
534 2984 669 3063 inprimis
689 2983 719 3043 in
741 2984 836 3044 lucem
843 2988 987 3061 'protracto
1000 3002 1043 3046 es·

46 3075 117 3125 sent
128 3063 243 3123 occulta
257 3064 319 3139 ejus
334 3064 451 3141 flagitia,
461 3075 573 3123 totamm
583 3064 613 3123 in
628 3082 696 3123 eum
709 3063 839 3141 concepit
852 3062 926 3121 irem
935 3063 1040 3132 animo,

47 3155 83 3201 nt
105 3162 142 3201 ea
161 3162 220 3201 non
241 3142 387 3201 nisiillius
402 3143 494 3203 raino
506 3155 591 3219 atque
605 3142 732 3221 pernicie
745 3142 854 3219 expiari
869 3162 954 3219 posse
966 3141 1042 3203 vide·

46 3234 142 3283 retur.
185 3222 302 3281 Fronde
321 3222 411 3300 igitur
431 3233 459 3281 et
472 3221 557 3281 malis
570 3222 678 3283 ortibus
692 3222 824 3281 tribunus
837 3220 928 3299 plebis
942 3221 1040 3288 sadus.

46 3307 161 3384 (quum
180 3302 259 3359 enim
278 3302 416 3378 petricius
436 3301 562 3369 oscetin
585 3312 698 3378 gentem
719 3301 867 3379 plobejam
882 3311 912 3359 ut
933 3300 1058 3376 eloim

46 3380 216 3438 tribunatus
236 3380 349 3457 petendi
370 3380 582 3458 adipisceretur,
600 3400 631 3439 se
654 3379 1039 3457 adoptandumjcurevcrst)

48 3458 168 3535 rogavit
188 3458 292 3535 legem,
312 3460 419 3537 qaejci,
439 3461 488 3535 qui
506 3461 596 3519 civem
616 3460 787 3526 Romanum,
811 3478 867 3519 two
880 3458 982 3533 populi
991 3457 1041 3534 jo·

48 3539 133 3597 dicio
142 3539 318 3605 dam-notun,
333 3540 474 3615 supplicio
488 3541 634 3616 offlcissct
649 3558 727 3613 eqoo
740 3547 766 3595 ct
776 3538 844 3613 igni
858 3536 1040 3596 interdicere·

49 3610 111 3677 tui.
154 3620 263 3694 Aperte
284 3618 341 3676 hac·
358 3617 425 3694 lege
445 3620 590 3695 petebatur
613 3617 726 3696 Cicero,
760 3617 790 3675 ui
814 3616 850 3673 de
869 3613 1040 3692 quibusdum

50 3696 203 3775 Catilinae
221 3697 478 3774 conjurationem
498 3696 598 3774 populi
616 3696 727 3775 judicio
741 3636 889 3762 damnatis,
904 3692 1040 3773 supplici·

48 3795 105 3837 nm
129 3786 278 3835 sumat
299 3778 422 3854 -Itaque
446 3776 557 3845 Cicero,
571 3782 609 3844 ut,
629 3773 729 3853 populi
751 3772 934 3836 miseratione
954 3783 1039 3854 mete,

103 3873 189 3915 rnna·
204 3858 299 3915 11.-9

131 3969 144 4014 l
