2300 4059
109 107 153 167 w
259 120 383 165 nm
397 122 418 165 ι
431 122 605 165 ennean
619 122 696 165 mn
711 119 955 165 mennatem·

107 260 647 340 Ιιιιωᾶιθοπωὶαΐίωηιιίωω,
663 260 1097 339 qmdvnldeaetendmren

107 342 188 421 poris
207 342 315 420 injuria
333 333 417 402 uo'bie
429 354 545 421 ereptus
556 354 607 401 est
649 344 730 401 Num
750 341 822 401 iiber
835 340 894 410 ille.
908 342 965 419 qui
976 342 1035 401 sub
1047 342 1096 401 hoc

94 422 226 481 nomine
245 422 277 480 in
296 420 470 500 quibusdam
491 422 644 481 Ciceronis
664 420 836 481 'editiombus
855 421 1097 489 autunnalis

107 512 205 579 apeme
223 499 350 591 alienam
369 520 491 591 manum
509 500 611 582 prodit.
652 501 766 560 Eodem
786 502 845 559 lere
862 498 994 578 tempore
1007 499 1097 589 plura,

106 599 182 658 quae
195 578 239 639 ad
257 578 474 658 philosophum
490 590 629 658 spectant
649 590 857 659 commentante
874 590 928 647 est,
958 599 976 637 e
996 579 1098 655 quibus

106 656 315 737 quinquelibri
329 661 364 718 de
378 659 501 719 liuidae
518 661 689 722 bonorumet
703 660 841 723 maloram
856 671 883 719 et
895 657 1018 749 totidem
1034 659 1099 716 Tus

108 739 284 799 calcum
297 738 504 805 Qemtwnen
516 737 558 799 ad
567 750 666 797 nean
677 749 808 821 tempora
820 750 975 816 propagati
992 747 1068 795 eunt

330 900 377 997 at.
401 898 504 957 Cicero
514 906 579 973 post
594 898 708 955 caaedm
723 868 867 955 Caesaris

149 1053 276 1115 Caenre
288 1052 441 1125 interiecto,
462 1054 570 1116 Cicero
583 1074 651 1114 cum
661 1054 726 1146 eius
748 1050 987 1121 interlectoribus,
1004 1072 1025 1111 a
1036 1070 1099 1131 qno

107 1149 175 1193 tum
195 1133 328 1193 emisere
340 1145 368 1193 et
380 1133 511 1195 consiliis
523 1134 678 1213 prudenter
691 1132 786 1192 adbuc
804 1132 958 1208 refugerat,
983 1150 1016 1191 se
1038 1152 1099 1190 con

106 1209 173 1271 tulit
184 1211 216 1271 in
230 1212 415 1291 Capitolium
457 1216 528 1273 Post
549 1224 608 1273 tres
621 1213 689 1282 dien,
704 1231 795 1289 quum
815 1210 882 1287 inde
897 1209 1099 1287 demendiseet,

107 1290 186 1353 venit
198 1292 230 1351 in
242 1304 383 1361 renatum,
396 1304 432 1361 et,
445 1292 582 1371 quicquid
603 1291 640 1351 ad
662 1312 765 1369 pacem
780 1290 966 1369 quietemque
988 1309 1099 1349 serran-

108 1368 177 1430 dum
195 1373 326 1433 conferre
345 1371 497 1443 rideretur,
527 1371 612 1449 gravi
638 1370 766 1431 oratione
786 1370 875 1429 suasit
894 1378 923 1427 et
943 1369 1097 1447 proposuit

108 1451 234 1527 Spemne
255 1452 353 1529 igitur,
373 1452 442 1521 lore,
462 1461 494 1509 nt
513 1470 623 1519 eorum,
645 1470 719 1528 qaae
739 1450 884 1518 suasisset,
905 1468 925 1507 a
938 1460 1042 1508 senatu
1055 1468 1098 1526 po

106 1528 235 1607 puloque
254 1530 407 1590 utemur
428 1530 507 1598 ratio,
538 1530 655 1589 secessit
675 1548 711 1591 ex
738 1529 810 1588 urbe
836 1528 867 1586 in
894 1526 1097 1589 Tusculanum

107 1626 201 1676 suum.
216 1608 312 1685 ibique
325 1608 419 1667 lessus
431 1620 637 1688 pertaesnsque
657 1607 838 1687 publicarum
861 1626 1004 1665 curarum
1017 1626 1098 1687 omne

106 1696 221 1763 tempus
240 1686 272 1745 in
292 1686 452 1746 litterarum
472 1687 576 1747 studiis
596 1688 734 1747 contrivit.
778 1686 826 1746 Ad
846 1703 982 1763 eaquae
999 1684 1097 1745 litteris

107 1765 288 1844 consignavit
311 1766 345 1827 iu
368 1767 427 1827 otio
445 1764 499 1825 iilo
519 1767 673 1835 rusticano,
702 1764 843 1825 reserandi
862 1776 931 1824 eunt
950 1764 1036 1824 libri:
1068 1766 1099 1823 dc

109 1844 232 1905 Natura
241 1846 389 1917 Deorum
410 1842 669 1915 deDioirratc'ooc,·
699 1848 734 1905 dc
748 1847 919 1913 Senectutc3
943 1846 979 1903 dc
993 1844 1099 1903 Amici·

109 1924 177 1994 tia5
195 1927 231 1985 dc
247 1926 364 2002 Officiis.

193 2094 196 2097 ’
270 2044 322 2143 ⁴25.
347 2084 450 2145 Cicero
463 2083 590 2144 Asturii
604 2082 757 2143 lacessitur
769 2081 932 2141 insolentia

152 2240 331 2303 Qumunori
340 2240 778 2309 motasRomneeoncitarentur,
786 2238 890 2299 Cicero
900 2236 1100 2299 imminentem

109 2330 305 2396 tempemm
317 2320 426 2389 itinere,
439 2319 517 2397 quod
530 2321 561 2378 in
576 2320 734 2382 Graeciam
748 2319 875 2395 lactmus
888 2328 958 2387 erat,
972 2317 1101 2395 effugere

109 2398 232 2458 maurit
275 2398 418 2458 sedidem
431 2398 541 2466 deinde,
555 2398 716 2477 praesentia
729 2418 783 2457 sue
795 2398 914 2457 lortame
928 2407 1027 2455 motus
1037 2397 1101 2455 istos

109 2476 246 2555 commui
257 2494 344 2554 porse
356 2488 442 2545 ratus,
451 2498 488 2536 ex
502 2478 606 2539 itinere
614 2478 676 2554 jem
690 2478 802 2555 incepto
813 2478 940 2536 Romam
952 2494 1100 2553 regressus

110 2568 161 2617 eet
182 2553 1101 2635 Vixautemeoveneratquuminsolenteretcontumeliosetrac·
1141 2594 1142 2629 ἰ

109 2634 519 2697 uretaraconsnlaAntonio.
556 2636 645 2699 Quod
653 2634 937 2714 quidemtamaegre
946 2633 1016 2725 tulit
1027 2634 1102 2693 Cice
1141 2662 1142 2731 r

110 2734 151 2785 ro,
157 2728 189 2775 ut
198 2716 334 2793 inprime
342 2713 654 2793 OratiunePbilippica
664 2716 791 2791 graviter
798 2715 829 2773 in
838 2710 970 2772 consulis
981 2712 1103 2773 insoleu

110 2794 180 2855 tium
194 2807 222 2855 et
234 2796 474 2856 inhumanitatem
487 2794 666 2867 invectuede
680 2792 873 2854 moderatione
888 2811 959 2867 erga
980 2811 1015 2851 se
1028 2791 1103 2851 adbi-

110 2873 203 2935 bendn
212 2887 318 2949 ageret„
361 2874 534 2933 Sedtantum
545 2873 641 2941 abluit,
657 2884 687 2931 ut
698 2873 768 2931 heau
782 2872 871 2931 oratio
881 2870 1033 2948 mitigaret
1046 2892 1103 2930 mu

110 2963 239 3030 rerutque
252 2954 374 3013 Antonii
386 2952 525 3022 animum,
536 2964 568 3011 ut
581 2951 696 3029 publice
710 2972 792 3011 nunc
801 2970 834 3009 se
846 2950 1002 3011 Ciceronis
1012 2950 1103 3009 inimi·

111 3052 179 3091 cum
187 3032 373 3109 profiteretur.
403 3034 482 3092 Tum
492 3032 642 3092 Cicero-ex
652 3032 723 3091 urbe
732 3031 762 3089 in
774 3028 874 3088 villam
884 3048 969 3087 suam
979 3028 1019 3089 ad
1031 3030 1103 3089 Nee·

111 3108 192 3188 polin
211 3129 244 3169 se
263 3112 377 3187 recepit,
391 3111 489 3186 abique
508 3109 666 3169 secundem
680 3111 838 3169 orationem
853 3106 1061 3185 Philippicam,
1076 3108 1102 3165 in

112 3209 169 3266 qua
182 3208 268 3248 omne
281 3189 363 3247 virus
375 3190 534 3248 acerbitatis
543 3190 574 3248 in
583 3190 746 3249 Antoniam
755 3187 890 3247 effudisse
898 3186 1102 3257 viderancom·

112 3268 213 3345 posuit.
236 3267 293 3326 Sed
300 3267 381 3327 brevi
388 3278 516 3343 tempere
521 3280 584 3346 post
592 3288 682 3346 quum
693 3268 885 3335 Antoniusut
897 3266 968 3325 Dec.
976 3266 1101 3325 Brutum

111 3368 130 3404 e
138 3345 239 3407 Gallia
249 3345 399 3425 Cisalpina
413 3346 538 3425 pelleret,
549 3368 587 3406 erc
600 3350 671 3407 urbe
684 3348 827 3426 profectus
841 3356 921 3413 esset
938 3345 1054 3413 Cicero,
1065 3355 1099 3414 ut,

112 3425 168 3486 bac
189 3424 308 3487 liberius
329 3426 434 3503 agendi
455 3426 606 3485 occasione
626 3446 718 3496 usus„
735 3424 899 3487 labefactato
921 3422 1033 3483 liberae
1053 3424 1100 3483 rei·

111 3503 246 3582 publicae
258 3506 350 3571 stetui,
372 3524 448 3579 quae
461 3517 563 3580 posset,
576 3504 669 3564 iulora
683 3506 821 3574 subderet,
843 3502 930 3563 celeri
951 3502 1028 3580 pede
1048 3504 1101 3561 Ro

108 3587 192 3639 ittam
206 3598 340 3638 reversus
352 3594 401 3639 eut.
420 3607 424 3616 »
442 3582 563 3640 Errare
576 3582 744 3661 paulopost,
764 3584 891 3643 Antonio
905 3581 941 3639 ad
956 3582 1102 3641 Mutinam

105 3655 196 3723 'victa
217 3676 292 3715 nova
312 3677 377 3735 spes
397 3656 505 3716 liberae
525 3659 703 3735 reipublicae
715 3662 856 3739 affulgere
876 3660 984 3737 coepit;
1006 3660 1101 3719 sedin

113 3730 201 3792 breve
216 3741 327 3793 tantum
348 3746 468 3811 tempus.
511 3735 668 3797 Octaviano
681 3740 761 3799 enim
774 3752 802 3801 et
816 3742 854 3803 Ο.
869 3738 964 3799 Pedio
975 3737 1101 3799 consuli·
