2300 4059
359 102 562 145 :nonnosus
578 65 752 149 rrrrrrarnra
914 74 918 78 ’
1001 90 1049 153 «ta

62 241 113 299 44.
135 237 474 303 Ezstieetn'dleaondri
487 244 585 309 sobole,
601 243 750 319 pmneiper
763 243 878 321 region
892 264 993 305 mes
1003 264 1049 307 aa·

361 330 450 380 mant.
492 321 691 402 (Jueincxv.
706 322 747 399 2.)
805 328 821 343 ‘

107 476 187 534 Dum
206 476 278 536 liaeo
299 488 433 554 agimtur,
456 476 620 537 Cassander
639 476 807 549 Herculem,
821 478 982 539 Alexandri
995 480 1049 542 fili·

60 572 125 622 um,
138 556 188 631 qui
202 556 260 615 iere
273 574 364 616 anuos
377 555 592 632 quatuordecim
606 568 772 625 excesserat,
794 578 831 617 ne
849 558 946 619 farore
958 571 1049 637 pater·

58 633 94 691 ni
116 634 242 693 nominis
262 636 292 693 in
313 654 437 713 regnum
458 635 648 694 Macedoniae
667 648 825 705 vocaretur,
853 638 944 697 occidi
965 639 1048 699 tacite

58 730 131 770 cum
154 725 244 773 matre
266 715 391 772 Barsine
409 714 505 790 jubet;
533 726 595 772 tum
609 715 730 774 alterum
745 734 858 793 quoque
871 715 965 775 filium
979 738 1047 779 cunt

58 803 156 849 matre
169 787 365 929 Roxang'Xaii
378 792 481 853 fraude
492 794 611 852 necavit.
655 793 765 853 Interea
781 794 964 854 Ptolemaeus
978 816 1047 856 eunt

61 869 213 930 Demetrio
234 890 271 930 na
319 873 330 930 i
350 872 468 949 proelio¹
482 873 595 931 iterato⁹·
604 872 793 949 congreditur,
810 884 837 931 et
856 874 962 933 amissa
976 876 1047 936 clas·

55 966 91 1006 se
108 949 139 1006 in
153 954 322 1028 Aegyptum
336 951 445 1027 refugit.
490 953 556 1011 Hac
569 952 688 1010 victoria
701 951 798 1017 elatus,
821 952 987 1029 Antigonus
1004 973 1047 1015 re-

57 1046 130 1103 gern
143 1047 175 1086 se
187 1049 255 1087 curn
271 1031 418 1089 Demetrio
431 1029 491 1087 filio
504 1028 645 1107 appellari
655 1030 741 1106 jubet.
785 1029 968 1089 Ptolemaeus
977 1049 1047 1109 quo·

56 1124 126 1182 que,
146 1126 183 1165 ne
196 1106 406 1185 minoris‘apnd
420 1128 489 1167 suos
501 1109 677 1167 auctoritatis
691 1118 772 1176 esset,
797 1129 848 1170 rex
868 1110 905 1168 ab
918 1111 1046 1171 exercitu

56 1186 289 1261 cognominatur.
333 1187 449 1249 Quibus
462 1187 575 1254 auditis,
592 1185 756 1246 Cassander
769 1198 795 1245 et
810 1188 1004 1265 Lysimachus
1017 1200 1046 1249 et

55 1263 117 1341 ipsi
131 1264 242 1341 regiam
255 1266 310 1335 sibi
323 1267 498 1343 majestatem
511 1265 700 1324 vindicarunt.
743 1265 799 1325 Sed
815 1266 997 1327 Ptolemaeus
1018 1278 1045 1329 et

57 1342 225 1402 Cassander
238 1345 399 1421 caeterique
418 1345 547 1403 factionis
567 1343 686 1402 alterius
707 1342 803 1414 duces,
823 1363 915 1421 quum
936 1364 967 1404 se
988 1344 1045 1407 sin·

55 1420 148 1511 gulos
161 1424 197 1482 ab
210 1424 359 1500 Antigono
373 1424 453 1502 carpi
466 1443 500 1480 ae
514 1422 617 1481 lacessi
631 1421 766 1490 viderent,
788 1442 839 1499 per
859 1422 992 1499 epistolas
1013 1442 1046 1485 se

54 1500 185 1560 invicem
198 1501 338 1560 exhortati
351 1500 578 1560 suntadbellum
591 1501 793 1559 communibus
804 1501 913 1561 viribus
926 1502 1045 1583 snsairn‘·

54 1579 174 1639 endum.
218 1580 276 1639 Cui
298 1598 387 1657 quum
413 1578 576 1639 Cassander
597 1579 734 1639 interesse
755 1592 869 1658 propter
889 1580 1045 1642 finitimum

52 1656 179 1717 bellum⁸
196 1680 252 1717 non
267 1670 370 1737 posset,
392 1658 603 1739 Lysimachum
623 1678 692 1718 cum
712 1658 877 1738 ingentibus
899 1660 990 1739 copiis
1012 1660 1044 1721 in

53 1736 404 1798 auxiliumsociismittit.
899 1766 903 1774 ·

204 1913 248 1971 45.
271 1909 440 1987 &amacii
447 1907 600 1987 fortitudo.
644 1906 759 1990 (Justin.
775 1904 843 1967 XV.
859 1906 912 1987 3.)¹

95 2066 169 2125 Erat
182 2066 230 2125 hie
245 2066 439 2145 Lysimachus
461 2065 567 2124 illustri
589 2064 662 2123 inter
676 2062 850 2124 Macedones
864 2062 927 2123 loco
947 2074 1040 2139 natus,

50 2144 106 2205 sed
129 2146 225 2223 magis
247 2146 333 2206 etiarn
347 2148 451 2219 virtute
466 2164 554 2221 quarn
568 2162 676 2221 genere
689 2142 792 2201 clarus
838 2144 939 2205 Quum
953 2142 1042 2205 Alex·

49 2222 146 2283 ander
160 2224 377 2285 Callisthenen⁴
391 2222 596 2303 philosophum
611 2220 807 2281 miserandum
815 2222 846 2281 in
855 2222 972 2281 modum
982 2230 1041 2283 orn-

47 2303 141 2361 nibus
154 2304 291 2363 membris
303 2313 470 2370 truncasset,
484 2314 511 2359 et
524 2301 643 2377 insuper
656 2319 724 2358 cum
737 2320 808 2359 cane
821 2300 851 2359 in
866 2320 954 2359 cavea
963 2299 1040 2363 clau·

46 2400 120 2442 sum
148 2383 351 2451 circumferret,
382 2379 583 2460 Lysimachus,
613 2398 680 2436 eum
709 2378 809 2438 audire
838 2390 863 2437 et
889 2392 1041 2459 praecepta

46 2460 166 2519 virtutis
178 2461 215 2519 ab
228 2482 263 2519 eo
276 2463 406 2539 accipere
419 2458 528 2525 solitus,
547 2458 681 2517 misertus
694 2457 763 2515 tanti
778 2457 840 2527 riri,
855 2479 997 2518 venenum
1012 2460 1039 2520 ei

46 2538 82 2597 in
107 2540 266 2599 remedium
288 2539 482 2599 ealamitatum
494 2536 578 2596 dedit.
622 2534 710 2597 Quod
723 2534 794 2613 adeo
812 2557 899 2615 aegre
913 2538 1039 2597 Alexan·

45 2616 103 2676 der
115 2618 187 2688 tulit,
203 2631 233 2677 ut
246 2629 314 2679 eum
328 2619 413 2695 objici
426 2615 603 2677 ferocissimo
618 2614 695 2673 leoni
714 2615 833 2690 juberet
876 2615 932 2674 Sed
946 2632 1038 2751 tinum

44 2696 96 2757 leo
111 2697 376 2775 impetumsecisset
386 2698 416 2755 in
429 2716 504 2764 eum,
517 2692 711 2771 Lysimachus
725 2712 845 2751 manum
857 2694 953 2752 amicu
965 2714 983 2752 o
996 2694 1039 2755 in·

44 2775 180 2846 volutam
189 2778 218 2835 in
233 2796 266 2835 os
279 2776 371 2835 leonis
384 2775 530 2841 immersit,
540 2782 710 2847 arreptaque
723 2770 826 2847 lingua
839 2771 928 2829 ieram
943 2772 1039 2833 exani·

42 2855 147 2915 mavit
191 2853 279 2917 Quod
289 2875 380 2932 quum
391 2854 556 2913 nuntiatum
569 2848 633 2925 regi
647 2860 726 2918 esset,
737 2848 887 2908 admiratio
897 2849 958 2909 irae
971 2870 1037 2911 suc·

42 2934 144 3001 cessit,
162 2934 361 3011 carioremque
373 2953 441 2992 euin
461 2940 575 3009 propter
596 2928 783 2987 constantiam
802 2930 896 2989 tantae
915 2928 1039 2989 virtutis⁸

44 3012 159 3071 habuit.
202 3014 271 3072 Post
284 3026 406 3072 mortem
420 3012 505 3087 regis,
519 3022 615 3085 quum·
625 3004 697 3065 inter
710 3026 890 3067 successores
904 3008 966 3085 ejus
974 3028 1037 3087 pro·
1132 3066 1133 3089 ξ

42 3091 164 3150 vinciae
177 3091 379 3160 dividerentur,
396 3089 591 3150 ferocissimae
608 3095 715 3163 gentes,
732 3086 815 3165 quasi
832 3087 962 3147 omnium
983 3088 1037 3149 lor·
1131 3150 1132 3188 ἶ

40 3170 169 3239 tissimo,
183 3169 346 3248 assignatae
358 3180 433 3231 sunt.
533 3202 537 3214 ·

109 3330 158 3387 ts.
180 3328 266 3386 Nona
279 3330 358 3389 inter
370 3326 537 3387 Alexandri
551 3344 722 3387 macetum
735 3326 811 3385 della
824 3324 967 3383 meatur.

364 3439 367 3446 ·
416 3405 530 3487 (lustin.
545 3406 615 3465 XV.
631 3404 671 3482 4.)

86 3564 268 3641 Ptiuarmm
280 3564 390 3624 bellum
403 3562 477 3621 inter
486 3522 688 3623 Ptolemaeum
701 3540 852 3637 molosque
861 3558 924 3635 ejus
937 3557 1036 3623 adrer-
1127 3520 1128 3579 l

36 3664 95 3703 sus
112 3643 296 3721 Antigonum
315 3642 546 3711 committeretur,
568 3651 684 3718 repente
704 3662 741 3701 ex
766 3642 840 3699 Asta
859 3658 968 3715 majore
987 3640 1036 3699 Se·

35 3724 158 3795 leucia,
178 3740 270 3783 novus
282 3724 431 3801 Antigono
450 3720 548 3790 honis,
568 3720 696 3781 seemsit
740 3716 840 3795 Hujus
853 3736 966 3797 quoqne
979 3714 1036 3779 riri

1124 3608 1127 3699 l

1125 3714 1126 3743 l

1123 3746 1126 3776 l
