2300 4059
52 710 228 781 altatus
248 711 281 778 Ε
303 707 542 804 alcmonia
564 704 675 774 VITA
695 703 1024 773 annuntianda.

419 1358 441 1421 i.
464 1348 567 1413 Cicero
578 1366 658 1428 paea.
766 1322 769 1357 ³

80 1564 205 1629 Marcus
235 1561 367 1626 Tullius
385 1562 491 1623 Cicero
518 1573 604 1623 natus
631 1573 675 1621 est
704 1556 819 1640 Arpini,
851 1557 888 1623 U.
912 1558 946 1622 0.
968 1578 1035 1624 nnn.

44 1641 481 1713 Doxuv11.‚matrettelvia
501 1660 540 1701 ex
560 1642 680 1702 ironeam
701 1652 728 1702 et
747 1640 839 1701 nobili
910 1650 939 1702 te
951 1658 1037 1735 prag*

38 1738 118 1795 nata,
132 1737 219 1804 patre,
234 1724 342 1802 Equite
355 1724 497 1792 Romano,
508 1722 558 1799 qui
572 1722 604 1780 in
617 1720 823 1781 amoenissima
836 1740 854 1780 a
888 1726 1033 1799 Arpinum

39 1806 165 1883 regione
185 1804 305 1869 habebat
326 1801 483 1881 praedium,
504 1821 523 1860 a
540 1798 699 1879 majoribus
712 1810 869 1878 acceptum.
913 1800 958 1859 Ibi
971 1801 1037 1861 cdo·

39 1879 113 1943 ievit
125 1896 153 1943 et
166 1883 305 1943 educatus
318 1893 360 1941 est
374 1881 486 1941 Cicero.
530 1881 617 1940 Pater
639 1880 709 1957 ejus,
731 1879 910 1956 quambene
929 1878 1037 1958 perspi·

38 1977 126 2034 ceret,
149 1974 286 2043 quautam
307 1962 368 2019 vim
384 1959 422 2020 in
442 1972 560 2020 omnent
573 1956 662 2017 ritant
683 1958 801 2019 haberet
820 1969 896 2018 rocta
909 1957 1037 2020 institua

38 2038 202 2105 liberorum
216 2042 355 2108 educatio,
369 2050 481 2099 mature
501 2037 578 2099 filios
591 2038 707 2117 optimis
727 2036 960 2117 praeceptoribus
973 2056 1037 2099 ent-

35 2120 162 2182 diendos
174 2120 294 2181 tradidit
337 2122 403 2179 Jam
415 2138 508 2197 quum
518 2117 647 2191 Tullius,
658 2118 688 2176 in
702 2133 759 2196 quo
773 2117 869 2177 alacre
883 2118 1037 2196 ingenium

35 2222 111 2261 eum
125 2202 234 2260 eximia
245 2198 411 2259 assiduitate
428 2198 615 2275 conjunctum
628 2209 741 2257 matuta
754 2194 940 2267 elucoacebut,
960 2196 1038 2258 bona

36 2280 69 2341 iu
84 2280 248 2341 litterarum
260 2278 363 2339 studiis
376 2278 556 2338 incrementa
566 2274 695 2355 cepisset,
705 2297 724 2336 a
736 2287 816 2356 patre
831 2278 956 2337 Romam
969 2276 1037 2336 mia·

34 2381 91 2420 sus
113 2372 163 2428 ost,
194 2361 244 2419 ubi
263 2358 521 2420 celeberrimorum
542 2357 726 2437 Graecorum
748 2354 858 2416 scholis
879 2356 1034 2418 interesset

38 2438 134 2503 Quod
142 2438 260 2517 quidem
269 2449 345 2497 tauto
359 2455 496 2497 successu
506 2446 640 2513 tantaque
653 2456 722 2495 cum
732 2447 957 2516 praeceptorum,
972 2449 1035 2497 turn

34 2530 222 2578 caeterorum
241 2514 459 2595 discipulorum,
480 2514 670 2590 admiratione
690 2516 796 2576 factum
817 2529 866 2587 est,
885 2528 922 2587 ut,
945 2535 1037 2595 quum

35 2598 118 2659 tama
131 2595 290 2673 deinsigni
306 2596 457 2656 Ciceronis
471 2593 590 2673 ingenio
601 2606 628 2654 et
640 2594 770 2655 doctrina
781 2592 821 2655 sd
833 2592 908 2655 alios
920 2612 938 2675 q
998 2616 1036 2657 uc

36 2688 195 2747 manasset,
204 2696 263 2735 nou
272 2674 365 2753 pauci,
375 2674 425 2753 qui
436 2672 623 2751 ejusvidendi
634 2686 661 2732 et
670 2674 807 2752 audiendi
817 2674 910 2751 gratia
916 2614 1035 2735 soffia:

35 2758 160 2824 adirent,
170 2770 275 2834 reperti
289 2755 379 2814 fuisse
392 2754 530 2813 dicantur.
544 2819 546 2823 ,
572 2752 661 2823 Idem,
672 2770 763 2829 quum
773 2753 843 2813 sorte
856 2754 1036 2815 eodemtem·

34 2854 111 2915 pore
126 2838 240 2895 Romae
252 2845 479 2894 commoraretur
490 2834 622 2892 Graecus
636 2829 761 2910 quidam,
777 2832 911 2906 Archias,
925 2835 1036 2913 poetica

34 2915 176 2977 facultate
185 2912 338 2983 exceileus,
357 2910 580 2972 familiaritatem
593 2927 661 2973 cutn
671 2912 814 2989 eojuuxit
825 2912 945 2993 ejusque
956 2934 1035 2992 praa

32 2995 131 3075 ceptis
154 2993 181 3054 et
193 2993 325 3072 exempto
346 2991 386 3051 ita
399 2990 524 3071 proiecit,
546 3002 578 3050 ut
594 2989 662 3069 ‘ipse
684 3002 747 3054 tum
759 2998 884 3065 carmen,
907 2994 1036 3056 Potitios

36 3078 177 3135 Glaucus
189 3073 366 3154 inscriptam,
380 3070 472 3131 multu
485 3081 547 3131 arte
560 3072 751 3150 ctmponaec
859 3118 861 3127 ι

217 3333 221 3340 ,
258 3348 261 3353 ¹
358 3268 395 3334 ,2
420 3264 523 3327 Cicero
537 3264 706 3327 adolescens.

80 3424 132 3486 Sic
146 3422 284 3486 educatus
298 3435 325 3483 et
338 3420 418 3485 omui
437 3420 597 3483 litterarum
615 3442 723 3501 genere
737 3423 856 3501 egregie
878 3424 1033 3486 instructus

33 3504 191 3566 decimum
220 3515 333 3566 sextum
359 3504 459 3563 aetatis
480 3522 592 3563 annum
612 3502 715 3580 agebat
737 3502 848 3563 Cicero.
892 3504 962 3565 Mos
981 3504 1035 3566 tuit
1140 3522 1141 3527 ’

33 3585 122 3665 apud
143 3581 301 3653 Romanos,
323 3594 354 3643 ut
373 3581 403 3651 ii,
425 3581 476 3659 qui
489 3581 568 3641 hunc
592 3582 691 3641 aetatis
704 3602 813 3643 annum
827 3580 972 3643 consecuti
992 3604 1035 3645 es·

33 3675 113 3735 sent,
126 3675 196 3741 toga
209 3662 287 3725 virili
301 3660 413 3731 induta,
426 3659 456 3721 iu
470 3662 565 3721 iorum
579 3661 731 3739 prodirent,
746 3661 843 3737 ibique
855 3662 955 3741 populi
968 3683 1033 3729 con·

34 3743 184 3811 itionibus,
201 3741 319 3823 judiciis
337 3753 366 3801 et
386 3740 569 3807 orationibus,
584 3740 689 3817 quibus
710 3739 842 3821 publicae
862 3761 968 3803 causae
988 3741 1033 3802 de·

33 3822 235 3897 tenderentur,
254 3815 394 3935 adepseut
436 3822 592 3883 Praeterea
606 3820 730 3898 juvenes
746 3816 884 3900 Romani,
899 3831 931 3882 ut
947 3832 1035 3883 acan·
