2300 4059
364 86 565 132 arcraoumr
581 88 754 131 rrrrrurrm.
1003 70 1046 131 57

60 223 142 303 apud
151 224 405 301 Carthaginienses
414 236 504 285 aetate
513 225 666 285 immatura
676 226 735 303 dux
745 224 894 286 Hannibal
903 224 1047 285 eonstitui-

60 313 117 371 tur,
131 323 191 361 non
211 304 333 381 penuria
352 304 508 374 seniorum,
528 304 580 363 sed
600 304 665 365 odio
687 307 895 373 Romanorum,
909 324 966 382 qua
980 324 1047 365 eum

60 402 81 439 a
94 382 217 457 pueritia
230 383 355 441 sciebant
367 382 523 442 imbutum.
566 385 602 442 Iu
624 384 669 443 his
683 384 801 461 regibus
821 385 919 461 pueris
940 400 1048 463 magn

61 458 176 519 indolea
187 461 297 519 virtutis
310 461 417 534 enituit.
452 459 544 519 'Solus
566 462 757 531 Ptolemaeus,
772 456 995 522 sicuts'celestus
1016 460 1047 521 in
1144 518 1145 525 ,

60 538 230 617 occupando
239 559 337 623 regno,
351 540 389 599 ita
403 550 430 597 et
443 540 541 616 segnis
554 542 585 600 in
598 538 825 599 administrando
836 540 896 601 fuit.

84 718 131 774 62.
153 707 313 793 Philippus
327 740 389 777 oum
400 706 570 776 Hannibale
584 678 745 777 societatem
760 716 860 777 contra
874 718 1020 777 Romanor

45 805 49 814 '
298 798 411 873 jungit.
442 796 576 875 ⁴(luatiru
584 796 701 858 XXIX.
717 800 743 855 2.
760 798 799 874 4.)

105 968 261 1049 Philippus
274 992 373 1050 quum,
384 974 528 1031 Dardanis
535 970 659 1049 aliisque
667 972 795 1031 finitimis
805 972 952 1051 superatis,
963 977 1048 1034 Aeto·

60 1048 102 1108 lis
122 1050 233 1109 bellum
253 1052 357 1111 inferre
378 1052 501 1128 gestiret,
521 1072 539 1109 a
560 1052 714 1119 Demetrio,
722 1050 896 1130 Illyriorum·
905 1072 982 1129 rege,
996 1053 1048 1111 im-

60 1128 169 1206 pulsus
188 1139 236 1198 eat,
250 1141 281 1188 ut
295 1132 442 1189 Romanos
462 1130 674 1207 aggrederetur.
719 1131 899 1192 Querebatur
920 1130 970 1189 ille
991 1132 1048 1191 Ro·

60 1226 218 1269 manorum
228 1208 372 1285 injuriam,
380 1211 429 1283 qai
438 1228 496 1267 aaa
504 1209 630 1267 contenti
640 1208 749 1267 Italiae
759 1211 1047 1285 terminisimperiorrr

62 1286 155 1346 tortas
160 1286 236 1344 ordis
241 1306 287 1361 spe
294 1288 448 1362 complexi)
458 1289 561 1347 bellum
573 1307 635 1345 cum
642 1288 770 1345 omuibus
778 1288 895 1363 regidos
903 1300 1045 1364 gererent.

62 1365 103 1422 Se
113 1364 963 1442 cedereilliregao‘*quodRoraaaioooapaoeriat‚profitetur;
977 1386 1048 1441 gro·

63 1438 372 1511 tiastaoirorarrsiia
379 1444 550 1518 possessione
558 1444 676 1519 imperii
686 1445 731 1502 soi
742 1446 847 1503 socium
854 1445 951 1519 potios
962 1462 1047 1519 quom

61 1524 156 1579 dostes
165 1522 278 1581 viderit.
294 1520 471 1598 Hujuarnodi
479 1520 605 1580 oratione
611 1521 724 1599 impulit
731 1521 908 1600 Philippum,
915 1533 953 1590 ut,
964 1522 1048 1601 omis-

61 1598 105 1657 sis
119 1598 238 1667 Aetolis,
248 1599 358 1659 bellum
367 1600 508 1659 Romanis
517 1599 640 1670 inferret,
649 1600 746 1660 minus
759 1600 875 1677 negotii⁴
885 1600 1048 1659 existiman·

59 1688 130 1745 tem,
145 1677 222 1753 quod
231 1678 292 1754 jam
305 1679 394 1737 victos
406 1680 443 1737 ab
454 1676 620 1738 Hannibale
633 1678 710 1757 apud
725 1680 942 1739 Trasimenum⁵
951 1678 1048 1741 laeum

59 1755 201 1815 audierat.
244 1756 343 1833 Itaque
355 1776 393 1814 ne
406 1756 506 1815 eodem
518 1766 646 1833 tempore
656 1756 754 1815 multis
763 1755 846 1817 bellis
857 1758 1047 1829 distineretur,

59 1853 168 1911 pacem
181 1854 247 1892 cum
261 1833 372 1893 Aetolis
385 1834 458 1904 facit,
471 1853 616 1911 navesque
630 1834 768 1895 fabricare
781 1836 879 1913 coepit,
894 1836 998 1913 quibua
1016 1837 1048 1896 in

62 1911 181 1972 Italiam
194 1912 340 1989 trajiceret.
373 1914 526 1989 ‘Legatum
539 1911 641 1971 deinde
655 1913 691 1971 ad
707 1912 909 1981 Hannibalern,
924 1912 1048 1991 jungen-

59 1990 118 2049 dae
141 1992 282 2050 societatis
302 1990 401 2068 gratia,
426 2010 493 2049 curn
512 1990 639 2068 epistolis
666 1992 762 2048 mittit·
793 1992 843 2067 qui
864 2012 882 2049 a
905 1992 1048 2052 Romania

58 2069 292 2146 comprehensus
299 2081 326 2130 et
335 2068 371 2127 ad
381 2079 512 2128 senatum
518 2068 679 2145 perductus,
689 2070 754 2127 ineo
766 2070 843 2143 umis
852 2068 988 2128 dimissus
997 2082 1046 2142 ert,

58 2148 169 2284 nundin
178 2148 316 2210 honorem
326 2148 411 2225 regia,
425 2146 476 2206 aed
489 2167 533 2217 ne,
543 2146 648 2205 dubius
661 2144 764 2219 adhue,
774 2148 946 2209 indubitatus
957 2149 1047 2209 hostie

58 2226 115 2285 red
136 2238 239 2287 eretur.
532 2240 537 2251 '
739 2243 762 2264 ·’

46 2409 49 2411 ’
152 2467 163 2498 ⁴.
229 2422 275 2480 63.
297 2420 407 2481 Pacem
422 2440 484 2477 rom
498 2418 641 2479 Romanis
648 2417 748 2496 facere
763 2420 885 2498 cogitur.
961 2456 967 2461 -

346 2510 350 2514 ’
403 2498 517 2579 (lustin
533 2498 652 2559 XXIX
669 2499 709 2575 4.)

104 2684 212 2747 Paullo
226 2698 392 2765 poetautem
405 2707 496 2765 quum
509 2687 652 2747 Romanis
664 2689 826 2748 nuntiatum
839 2699 919 2759 esset,
936 2688 1048 2771 Philip

58 2784 137 2844 pum
150 2766 181 2823 in
196 2766 309 2826 Italiam
322 2766 420 2845 copias
432 2767 624 2841 trajectarum,
641 2768 803 2835 Laevinum
811 2780 970 2846 praetorem
979 2788 1047 2829 cum

57 2843 219 2904 instructis¹
232 2846 353 2903 navibus
366 2844 403 2903 ad
422 2842 633 2921 prohibendum
652 2846 803 2904 transitum
823 2846 941 2908 mittunt.
985 2848 1047 2911 Qui

57 2940 157 2998 quum
166 2922 198 2980 in
206 2922 360 2983 Graeciam
366 2922 526 2998 trajerisset,
533 2920 632 2983 multia
642 2924 791 3000 promissis
800 2924 913 3003 impulit
920 2926 1046 2998 Aetolos,

57 3012 94 3058 ut
107 2997 364 3060 bellumadvarsus
374 3001 545 3078 Philippum
555 3002 739 3079 susciperent.
771 3004 925 3081 Philippus
934 3024 1047 3084 quoque

58 3078 242 3142 Achaeasin
250 3080 449 3140 Romanorum
457 3078 714 3140 bellurnsollicitat.
745 3083 904 3141 'Intereaet
917 3084 1046 3145 Dardani

59 3156 257 3219 Macedoniae}
267 3158 339 3217 fines
353 3170 463 3217 vastare
473 3168 633 3235 caeperunt,
644 3169 670 3217 et
682 3160 827 3219 Laevinus
835 3173 954 3238 praeter,
965 3162 1048 3237 june·

56 3247 90 3295 ta
100 3253 175 3294 aum
188 3236 286 3295 Attalo
298 3255 368 3312 rege
381 3239 520 3306 societate,
530 3236 685 3295 Graeciam
695 3238 855 3316 populatur.
886 3242 957 3299 ·His
970 3238 1047 3299 aliia-

57 3334 122 3391 que
135 3314 222 3373 rebus
231 3314 380 3374 distraetus
394 3336 445 3373 rex
459 3314 647 3374 Macedoniae
660 3336 727 3376 aum
742 3317 882 3375 Romania
894 3336 995 3395 pacem
1008 3318 1050 3377 la-

57 3394 108 3461 cit.
123 3394 262 3451 eontentis
275 3394 390 3453 interim
409 3393 520 3453 bellum
533 3394 753 3454 Macedonicum
766 3394 925 3472 dissutam
948 3396 1010 3455 Phi
1031 3420 1048 3452 e

58 3470 202 3548 poemeni
222 3476 325 3541 autern,
340 3472 528 3531 Achaeorum
540 3472 671 3548 praetori,
684 3492 772 3549 quern
784 3472 919 3532 didicerat
932 3474 1044 3541 aninam

57 3548 261 3607 sociorum-ad
281 3552 429 3609 Romanos
448 3548 569 3618 trahere,
584 3549 702 3609 insidias
723 3551 896 3629 praetendit
929 3552 1001 3615 duit
1013 3568 1044 3611 aa

58 3626 253 3767 cognifflle
266 3628 401 3689 Achaeos
414 3629 579 3690 auctoritate
592 3628 677 3689 sua‘a
690 3649 760 3707 rege
769 3629 954 3696 Macedoniae
967 3648 1043 3708 pror·

58 3725 115 3767 aua
128 3726 149 3765 a
225 3708 272 3768 rit.
1044 3748 1046 3753 .
