<?xml version="1.0" encoding="UTF-8"?>
<!DOCTYPE html PUBLIC "-//W3C//DTD XHTML 1.0 Transitional//EN"
    "http://www.w3.org/TR/xhtml1/DTD/xhtml1-transitional.dtd">
<html xmlns="http://www.w3.org/1999/xhtml" xml:lang="en" lang="en">
 <head>
  <title>
</title>
<meta http-equiv="Content-Type" content="text/html;charset=utf-8" />
  <meta name='ocr-system' content='tesseract 3.04.00' />
  <meta name='ocr-capabilities' content='ocr_page ocr_carea ocr_par ocr_line ocrx_word'/>
</head>
<body>
  <div class='ocr_page' id='page_1' title='image "./latinreader01drgoog/latinreader01drgoog_0321.png"; bbox 0 0 2300 4059; ppageno 0'>
   <div class='ocr_carea' id='block_1_1' title="bbox 227 69 1059 149">
    <p class='ocr_par' dir='ltr' id='par_1_1' title="bbox 227 69 1059 149">
     <span class='ocr_line' id='line_1_1' title="bbox 227 69 1059 149; baseline 0.004 -4"><span class='ocrx_word' id='word_1_1' title='bbox 227 100 458 145; x_wconf 70' lang='lat' dir='ltr'><strong>usurariorum</strong></span> <span class='ocrx_word' id='word_1_2' title='bbox 472 100 630 149; x_wconf 73' lang='lat' dir='ltr'><strong>cutum</strong></span> <span class='ocrx_word' id='word_1_3' title='bbox 645 69 737 143; x_wconf 63' lang='lat' dir='ltr'><strong>roan</strong></span> <span class='ocrx_word' id='word_1_4' title='bbox 753 100 900 143; x_wconf 69' lang='lat' dir='ltr'><strong>curuare.</strong></span> <span class='ocrx_word' id='word_1_5' title='bbox 999 86 1059 148; x_wconf 76' lang='lat'><strong>105</strong></span> 
     </span>
    </p>
   </div>
   <div class='ocr_carea' id='block_1_2' title="bbox 73 240 1138 406">
    <p class='ocr_par' dir='ltr' id='par_1_2' title="bbox 73 240 1138 406">
     <span class='ocr_line' id='line_1_2' title="bbox 74 240 1138 322; baseline 0.002 -19"><span class='ocrx_word' id='word_1_6' title='bbox 74 243 123 304; x_wconf 76' lang='lat' dir='ltr'><strong>Sic</strong></span> <span class='ocrx_word' id='word_1_7' title='bbox 135 240 332 303; x_wconf 70' lang='lat' dir='ltr'><strong>distraham</strong></span> <span class='ocrx_word' id='word_1_8' title='bbox 345 243 376 301; x_wconf 89' lang='lat' dir='ltr'><strong>&#39;m</strong></span> <span class='ocrx_word' id='word_1_9' title='bbox 386 240 545 303; x_wconf 76' lang='lat' dir='ltr'><strong>contrarias</strong></span> <span class='ocrx_word' id='word_1_10' title='bbox 557 251 653 321; x_wconf 85' lang='lat' dir='ltr'><strong>partes</strong></span> <span class='ocrx_word' id='word_1_11' title='bbox 670 240 871 320; x_wconf 84' lang='lat' dir='ltr'><strong>impotentium</strong></span> <span class='ocrx_word' id='word_1_12' title='bbox 882 240 1059 322; x_wconf 79' lang='lat' dir='ltr'><strong>cupiditates.</strong></span> <span class='ocrx_word' id='word_1_13' title='bbox 1136 296 1138 321; x_wconf 26' lang='grc' dir='ltr'>ἶ</span> 
     </span>
     <span class='ocr_line' id='line_1_3' title="bbox 73 322 380 406; baseline -0.013 -21"><span class='ocrx_word' id='word_1_14' title='bbox 73 324 176 406; x_wconf 71' lang='lat' dir='ltr'><strong>(Tusa.</strong></span> <span class='ocrx_word' id='word_1_15' title='bbox 191 324 251 386; x_wconf 73' lang='lat' dir='ltr'><strong>Qu</strong></span> <span class='ocrx_word' id='word_1_16' title='bbox 267 322 303 382; x_wconf 87' lang='lat' dir='ltr'><strong>V.</strong></span> <span class='ocrx_word' id='word_1_17' title='bbox 319 323 380 400; x_wconf 79' lang='lat'><strong>20.)</strong></span> 
     </span>
    </p>
   </div>
   <div class='ocr_carea' id='block_1_3' title="bbox 222 480 885 560">
    <p class='ocr_par' dir='ltr' id='par_1_3' title="bbox 222 480 885 560">
     <span class='ocr_line' id='line_1_4' title="bbox 222 480 885 560; baseline -0.003 -17"><span class='ocrx_word' id='word_1_18' title='bbox 222 485 225 492; x_wconf 86' lang='grc'><strong>’</strong></span> <span class='ocrx_word' id='word_1_19' title='bbox 244 481 314 543; x_wconf 83' lang='lat' dir='ltr'><strong>XV.</strong></span> <span class='ocrx_word' id='word_1_20' title='bbox 335 481 419 541; x_wconf 79' lang='lat' dir='ltr'><strong>Mors</strong></span> <span class='ocrx_word' id='word_1_21' title='bbox 432 481 473 540; x_wconf 82' lang='lat' dir='ltr'><strong>od</strong></span> <span class='ocrx_word' id='word_1_22' title='bbox 486 480 592 541; x_wconf 80' lang='lat' dir='ltr'><strong>diviua</strong></span> <span class='ocrx_word' id='word_1_23' title='bbox 601 480 738 558; x_wconf 79' lang='lat' dir='ltr'><strong>proemio</strong></span> <span class='ocrx_word' id='word_1_24' title='bbox 751 480 885 560; x_wconf 80' lang='lat' dir='ltr'><strong>refertar.</strong></span> 
     </span>
    </p>
   </div>
   <div class='ocr_carea' id='block_1_4' title="bbox 66 636 1060 1912">
    <p class='ocr_par' dir='ltr' id='par_1_4' title="bbox 66 636 1060 1912">
     <span class='ocr_line' id='line_1_5' title="bbox 112 636 1060 720; baseline 0.001 -18"><span class='ocrx_word' id='word_1_25' title='bbox 112 640 224 720; x_wconf 79' lang='lat' dir='ltr'>Argiae</span> <span class='ocrx_word' id='word_1_26' title='bbox 237 639 399 710; x_wconf 81' lang='lat' dir='ltr'><strong>sacerdotis,</strong></span> <span class='ocrx_word' id='word_1_27' title='bbox 411 636 529 700; x_wconf 83' lang='lat' dir='ltr'><strong>Cleobis</strong></span> <span class='ocrx_word' id='word_1_28' title='bbox 537 650 565 701; x_wconf 86' lang='lat' dir='ltr'><strong>et</strong></span> <span class='ocrx_word' id='word_1_29' title='bbox 578 638 673 710; x_wconf 78' lang='lat' dir='ltr'><strong>Biton¹</strong></span> <span class='ocrx_word' id='word_1_30' title='bbox 683 636 737 699; x_wconf 78' lang='lat' dir='ltr'><strong>filli</strong></span> <span class='ocrx_word' id='word_1_31' title='bbox 747 638 956 717; x_wconf 77' lang='lat' dir='ltr'><strong>praedicantur.</strong></span> <span class='ocrx_word' id='word_1_32' title='bbox 980 641 1012 702; x_wconf 91' lang='lat' dir='ltr'>N</span> <span class='ocrx_word' id='word_1_33' title='bbox 1013 653 1060 703; x_wconf 86' lang='lat' dir='ltr'><strong>ota</strong></span> 
     </span>
     <span class='ocr_line' id='line_1_6' title="bbox 72 717 1060 785; baseline 0.002 -4"><span class='ocrx_word' id='word_1_34' title='bbox 72 720 169 782; x_wconf 81' lang='lat' dir='ltr'><strong>fabula</strong></span> <span class='ocrx_word' id='word_1_35' title='bbox 181 732 230 781; x_wconf 80' lang='lat' dir='ltr'><strong>aa</strong></span> <span class='ocrx_word' id='word_1_36' title='bbox 254 724 357 785; x_wconf 77' lang='lat' dir='ltr'><strong>Quum</strong></span> <span class='ocrx_word' id='word_1_37' title='bbox 365 720 445 779; x_wconf 88' lang='lat' dir='ltr'><strong>enim</strong></span> <span class='ocrx_word' id='word_1_38' title='bbox 454 718 582 779; x_wconf 87' lang='lat' dir='ltr'><strong>illamad</strong></span> <span class='ocrx_word' id='word_1_39' title='bbox 594 717 724 779; x_wconf 81' lang='lat' dir='ltr'><strong>solemne</strong></span> <span class='ocrx_word' id='word_1_40' title='bbox 733 730 761 779; x_wconf 88' lang='lat' dir='ltr'><strong>et</strong></span> <span class='ocrx_word' id='word_1_41' title='bbox 766 730 873 779; x_wconf 82' lang='lat' dir='ltr'><strong>statum</strong></span> <span class='ocrx_word' id='word_1_42' title='bbox 883 721 1060 783; x_wconf 85' lang='lat' dir='ltr'><strong>sacrificium</strong></span> 
     </span>
     <span class='ocr_line' id='line_1_7' title="bbox 72 798 1060 879; baseline 0.005 -20"><span class='ocrx_word' id='word_1_43' title='bbox 72 821 162 861; x_wconf 87' lang='lat' dir='ltr'><strong>curru</strong></span> <span class='ocrx_word' id='word_1_44' title='bbox 174 800 242 860; x_wconf 86' lang='lat' dir='ltr'><strong>vehi</strong></span> <span class='ocrx_word' id='word_1_45' title='bbox 257 802 308 879; x_wconf 87' lang='lat' dir='ltr'><strong>jus</strong></span> <span class='ocrx_word' id='word_1_46' title='bbox 317 810 398 870; x_wconf 86' lang='lat' dir='ltr'><strong>esset,</strong></span> <span class='ocrx_word' id='word_1_47' title='bbox 409 800 478 857; x_wconf 86' lang='lat' dir='ltr'><strong>satis</strong></span> <span class='ocrx_word' id='word_1_48' title='bbox 487 798 575 877; x_wconf 85' lang='lat' dir='ltr'><strong>longe</strong></span> <span class='ocrx_word' id='word_1_49' title='bbox 589 798 625 859; x_wconf 90' lang='lat' dir='ltr'><strong>ab</strong></span> <span class='ocrx_word' id='word_1_50' title='bbox 635 798 739 877; x_wconf 86' lang='lat' dir='ltr'><strong>oppido</strong></span> <span class='ocrx_word' id='word_1_51' title='bbox 748 798 786 859; x_wconf 87' lang='lat' dir='ltr'><strong>ad</strong></span> <span class='ocrx_word' id='word_1_52' title='bbox 793 799 900 871; x_wconf 74' lang='lat' dir='ltr'><strong>fanum,</strong></span> <span class='ocrx_word' id='word_1_53' title='bbox 915 820 1060 863; x_wconf 84' lang='lat' dir='ltr'><strong>moraren-</strong></span> 
     </span>
     <span class='ocr_line' id='line_1_8' title="bbox 68 878 1059 958; baseline 0.004 -19"><span class='ocrx_word' id='word_1_54' title='bbox 68 891 175 958; x_wconf 88' lang='lat' dir='ltr'><strong>turque</strong></span> <span class='ocrx_word' id='word_1_55' title='bbox 183 880 329 957; x_wconf 85' lang='lat' dir='ltr'><strong>jumenta:</strong></span> <span class='ocrx_word' id='word_1_56' title='bbox 351 889 419 937; x_wconf 91' lang='lat' dir='ltr'><strong>tunc</strong></span> <span class='ocrx_word' id='word_1_57' title='bbox 436 879 560 956; x_wconf 85' lang='lat' dir='ltr'><strong>juvenes</strong></span> <span class='ocrx_word' id='word_1_58' title='bbox 574 878 604 949; x_wconf 87' lang='lat' dir='ltr'><strong>ii,</strong></span> <span class='ocrx_word' id='word_1_59' title='bbox 618 898 690 955; x_wconf 90' lang='lat' dir='ltr'><strong>quos</strong></span> <span class='ocrx_word' id='word_1_60' title='bbox 704 878 789 939; x_wconf 90' lang='lat' dir='ltr'><strong>modo</strong></span> <span class='ocrx_word' id='word_1_61' title='bbox 809 880 965 951; x_wconf 82' lang='lat' dir='ltr'><strong>nominavi,</strong></span> <span class='ocrx_word' id='word_1_62' title='bbox 980 890 1059 943; x_wconf 83' lang='lat' dir='ltr'><strong>veste</strong></span> 
     </span>
     <span class='ocr_line' id='line_1_9' title="bbox 70 958 1060 1116; baseline 0.001 -19"><span class='ocrx_word' id='word_1_63' title='bbox 70 958 386 1098; x_wconf 54' lang='lat' dir='ltr'><strong>§.thiathart</strong></span> <span class='ocrx_word' id='word_1_64' title='bbox 393 958 1060 1116; x_wconf 52' lang='lat' dir='ltr'><strong>pillnfllnuitalullhllffi’dlllnl*fill</strong></span> 
     </span>
     <span class='ocr_line' id='line_1_10' title="bbox 70 1114 1059 1197; baseline 0.002 -19"><span class='ocrx_word' id='word_1_65' title='bbox 70 1129 185 1197; x_wconf 87' lang='lat' dir='ltr'><strong>precata</strong></span> <span class='ocrx_word' id='word_1_66' title='bbox 197 1138 216 1178; x_wconf 90' lang='lat' dir='ltr'><strong>a</strong></span> <span class='ocrx_word' id='word_1_67' title='bbox 228 1117 282 1177; x_wconf 90' lang='lat' dir='ltr'><strong>dea</strong></span> <span class='ocrx_word' id='word_1_68' title='bbox 294 1117 407 1187; x_wconf 87' lang='lat' dir='ltr'><strong>dicitur,</strong></span> <span class='ocrx_word' id='word_1_69' title='bbox 417 1127 448 1175; x_wconf 90' lang='lat' dir='ltr'><strong>ut</strong></span> <span class='ocrx_word' id='word_1_70' title='bbox 457 1114 518 1175; x_wconf 78' lang='lat' dir='ltr'><strong>illia</strong></span> <span class='ocrx_word' id='word_1_71' title='bbox 526 1116 690 1195; x_wconf 88' lang='lat' dir='ltr'><strong>praemium</strong></span> <span class='ocrx_word' id='word_1_72' title='bbox 704 1116 782 1176; x_wconf 85' lang='lat' dir='ltr'><strong>daret</strong></span> <span class='ocrx_word' id='word_1_73' title='bbox 795 1134 848 1195; x_wconf 89' lang='lat' dir='ltr'><strong>pro</strong></span> <span class='ocrx_word' id='word_1_74' title='bbox 862 1118 971 1195; x_wconf 89' lang='lat' dir='ltr'><strong>pietate,</strong></span> <span class='ocrx_word' id='word_1_75' title='bbox 980 1118 1059 1197; x_wconf 84' lang='lat' dir='ltr'><strong>quod</strong></span> 
     </span>
     <span class='ocr_line' id='line_1_11' title="bbox 69 1195 1058 1275; baseline 0.004 -18"><span class='ocrx_word' id='word_1_76' title='bbox 69 1198 232 1257; x_wconf 83' lang='lat' dir='ltr'><strong>maximum</strong></span> <span class='ocrx_word' id='word_1_77' title='bbox 244 1198 309 1257; x_wconf 89' lang='lat' dir='ltr'><strong>dari</strong></span> <span class='ocrx_word' id='word_1_78' title='bbox 321 1207 417 1275; x_wconf 86' lang='lat' dir='ltr'><strong>posset</strong></span> <span class='ocrx_word' id='word_1_79' title='bbox 430 1197 543 1255; x_wconf 90' lang='lat' dir='ltr'><strong>homini</strong></span> <span class='ocrx_word' id='word_1_80' title='bbox 552 1218 571 1255; x_wconf 91' lang='lat' dir='ltr'><strong>a</strong></span> <span class='ocrx_word' id='word_1_81' title='bbox 584 1196 645 1255; x_wconf 89' lang='lat' dir='ltr'><strong>deo.</strong></span> <span class='ocrx_word' id='word_1_82' title='bbox 688 1196 764 1265; x_wconf 83' lang='lat' dir='ltr'>Post,</span> <span class='ocrx_word' id='word_1_83' title='bbox 780 1195 908 1275; x_wconf 84' lang='lat' dir='ltr'><strong>epulatos</strong></span> <span class='ocrx_word' id='word_1_84' title='bbox 922 1216 990 1260; x_wconf 85' lang='lat' dir='ltr'><strong>cum</strong></span> <span class='ocrx_word' id='word_1_85' title='bbox 999 1218 1058 1261; x_wconf 83' lang='lat' dir='ltr'><strong>ma·</strong></span> 
     </span>
     <span class='ocr_line' id='line_1_12' title="bbox 68 1276 1059 1349; baseline 0.002 -13"><span class='ocrx_word' id='word_1_86' title='bbox 68 1288 114 1337; x_wconf 87' lang='lat' dir='ltr'><strong>tre</strong></span> <span class='ocrx_word' id='word_1_87' title='bbox 125 1276 328 1349; x_wconf 85' lang='lat' dir='ltr'><strong>adolescentes,</strong></span> <span class='ocrx_word' id='word_1_88' title='bbox 342 1295 444 1337; x_wconf 86' lang='lat' dir='ltr'><strong>somno</strong></span> <span class='ocrx_word' id='word_1_89' title='bbox 463 1296 497 1335; x_wconf 89' lang='lat' dir='ltr'><strong>se</strong></span> <span class='ocrx_word' id='word_1_90' title='bbox 517 1276 637 1344; x_wconf 81' lang='lat' dir='ltr'><strong>dedisse,</strong></span> <span class='ocrx_word' id='word_1_91' title='bbox 652 1295 737 1335; x_wconf 88' lang='lat' dir='ltr'><strong>mane</strong></span> <span class='ocrx_word' id='word_1_92' title='bbox 757 1276 887 1336; x_wconf 81' lang='lat' dir='ltr'><strong>inventos</strong></span> <span class='ocrx_word' id='word_1_93' title='bbox 908 1296 972 1337; x_wconf 86' lang='lat' dir='ltr'><strong>esse</strong></span> <span class='ocrx_word' id='word_1_94' title='bbox 984 1296 1059 1338; x_wconf 86' lang='lat' dir='ltr'><strong>mor-</strong></span> 
     </span>
     <span class='ocr_line' id='line_1_13' title="bbox 68 1354 1058 1435; baseline 0.003 -19"><span class='ocrx_word' id='word_1_95' title='bbox 68 1354 280 1418; x_wconf 58' lang='lat' dir='ltr'><strong>tucs÷Simili</strong></span> <span class='ocrx_word' id='word_1_96' title='bbox 293 1357 457 1435; x_wconf 77' lang='lat' dir='ltr'><strong>precatione</strong></span> <span class='ocrx_word' id='word_1_97' title='bbox 471 1356 660 1434; x_wconf 81' lang='lat' dir='ltr'><strong>Trophonius</strong></span> <span class='ocrx_word' id='word_1_98' title='bbox 674 1365 701 1413; x_wconf 89' lang='lat' dir='ltr'><strong>et</strong></span> <span class='ocrx_word' id='word_1_99' title='bbox 719 1356 889 1433; x_wconf 81' lang='lat' dir='ltr'><strong>Agamedes</strong></span> <span class='ocrx_word' id='word_1_100' title='bbox 899 1359 945 1417; x_wconf 89' lang='lat' dir='ltr'><strong>usi</strong></span> <span class='ocrx_word' id='word_1_101' title='bbox 959 1356 1058 1419; x_wconf 87' lang='lat' dir='ltr'><strong>dicuu-</strong></span> 
     </span>
     <span class='ocr_line' id='line_1_14' title="bbox 67 1432 1059 1516; baseline 0.006 -22"><span class='ocrx_word' id='word_1_102' title='bbox 67 1446 132 1495; x_wconf 84' lang='lat' dir='ltr'><strong>tur:</strong></span> <span class='ocrx_word' id='word_1_103' title='bbox 152 1437 204 1515; x_wconf 87' lang='lat' dir='ltr'><strong>qui</strong></span> <span class='ocrx_word' id='word_1_104' title='bbox 217 1456 308 1515; x_wconf 89' lang='lat' dir='ltr'><strong>quum</strong></span> <span class='ocrx_word' id='word_1_105' title='bbox 321 1436 454 1516; x_wconf 88' lang='lat' dir='ltr'><strong>Apollini</strong></span> <span class='ocrx_word' id='word_1_106' title='bbox 470 1434 595 1513; x_wconf 88' lang='lat' dir='ltr'><strong>Delphis</strong></span> <span class='ocrx_word' id='word_1_107' title='bbox 608 1432 749 1512; x_wconf 86' lang='lat' dir='ltr'><strong>templum</strong></span> <span class='ocrx_word' id='word_1_108' title='bbox 762 1436 998 1507; x_wconf 77' lang='lat' dir='ltr'><strong>aedificavisseut,</strong></span> <span class='ocrx_word' id='word_1_109' title='bbox 1012 1459 1059 1501; x_wconf 81' lang='lat' dir='ltr'><strong>vc·</strong></span> 
     </span>
     <span class='ocr_line' id='line_1_15' title="bbox 66 1514 1059 1597; baseline 0.004 -22"><span class='ocrx_word' id='word_1_110' title='bbox 66 1526 202 1577; x_wconf 78' lang='lat' dir='ltr'><strong>morantes</strong></span> <span class='ocrx_word' id='word_1_111' title='bbox 215 1516 310 1586; x_wconf 85' lang='lat' dir='ltr'><strong>deum,</strong></span> <span class='ocrx_word' id='word_1_112' title='bbox 324 1516 465 1595; x_wconf 88' lang='lat' dir='ltr'><strong>petierunt</strong></span> <span class='ocrx_word' id='word_1_113' title='bbox 477 1514 641 1575; x_wconf 81' lang='lat' dir='ltr'><strong>mercedem</strong></span> <span class='ocrx_word' id='word_1_114' title='bbox 654 1533 711 1574; x_wconf 89' lang='lat' dir='ltr'><strong>non</strong></span> <span class='ocrx_word' id='word_1_115' title='bbox 731 1534 850 1593; x_wconf 87' lang='lat' dir='ltr'><strong>parvam</strong></span> <span class='ocrx_word' id='word_1_116' title='bbox 863 1516 981 1593; x_wconf 90' lang='lat' dir='ltr'><strong>quidem</strong></span> <span class='ocrx_word' id='word_1_117' title='bbox 994 1536 1059 1597; x_wconf 89' lang='lat' dir='ltr'><strong>ope·</strong></span> 
     </span>
     <span class='ocr_line' id='line_1_16' title="bbox 68 1594 1056 1672; baseline 0.004 -18"><span class='ocrx_word' id='word_1_118' title='bbox 68 1596 111 1654; x_wconf 89' lang='lat' dir='ltr'><strong>ris</strong></span> <span class='ocrx_word' id='word_1_119' title='bbox 125 1607 151 1655; x_wconf 88' lang='lat' dir='ltr'><strong>ct</strong></span> <span class='ocrx_word' id='word_1_120' title='bbox 164 1595 271 1657; x_wconf 85' lang='lat' dir='ltr'><strong>laboris</strong></span> <span class='ocrx_word' id='word_1_121' title='bbox 284 1598 338 1666; x_wconf 90' lang='lat' dir='ltr'><strong>sui,</strong></span> <span class='ocrx_word' id='word_1_122' title='bbox 352 1595 428 1655; x_wconf 88' lang='lat' dir='ltr'><strong>nihil</strong></span> <span class='ocrx_word' id='word_1_123' title='bbox 440 1595 518 1663; x_wconf 80' lang='lat' dir='ltr'><strong>certi,</strong></span> <span class='ocrx_word' id='word_1_124' title='bbox 532 1594 583 1654; x_wconf 88' lang='lat' dir='ltr'><strong>sed</strong></span> <span class='ocrx_word' id='word_1_125' title='bbox 604 1594 681 1672; x_wconf 92' lang='lat' dir='ltr'><strong>quod</strong></span> <span class='ocrx_word' id='word_1_126' title='bbox 695 1604 769 1653; x_wconf 85' lang='lat' dir='ltr'><strong>esset</strong></span> <span class='ocrx_word' id='word_1_127' title='bbox 782 1594 923 1672; x_wconf 89' lang='lat' dir='ltr'><strong>optimum</strong></span> <span class='ocrx_word' id='word_1_128' title='bbox 936 1596 1056 1658; x_wconf 88' lang='lat' dir='ltr'><strong>homini.</strong></span> 
     </span>
     <span class='ocr_line' id='line_1_17' title="bbox 69 1672 1058 1753; baseline -0.003 -15"><span class='ocrx_word' id='word_1_129' title='bbox 69 1676 187 1738; x_wconf 77' lang='lat' dir='ltr'><strong>Quibus</strong></span> <span class='ocrx_word' id='word_1_130' title='bbox 201 1674 310 1753; x_wconf 90' lang='lat' dir='ltr'><strong>Apollo</strong></span> <span class='ocrx_word' id='word_1_131' title='bbox 323 1694 356 1734; x_wconf 83' lang='lat' dir='ltr'><strong>se</strong></span> <span class='ocrx_word' id='word_1_132' title='bbox 368 1676 399 1735; x_wconf 90' lang='lat' dir='ltr'><strong>id</strong></span> <span class='ocrx_word' id='word_1_133' title='bbox 411 1675 547 1733; x_wconf 85' lang='lat' dir='ltr'><strong>daturum</strong></span> <span class='ocrx_word' id='word_1_134' title='bbox 559 1672 718 1733; x_wconf 82' lang='lat' dir='ltr'><strong>ostendisse</strong></span> <span class='ocrx_word' id='word_1_135' title='bbox 731 1673 836 1733; x_wconf 86' lang='lat' dir='ltr'><strong>dicitur</strong></span> <span class='ocrx_word' id='word_1_136' title='bbox 849 1686 911 1753; x_wconf 89' lang='lat' dir='ltr'><strong>post</strong></span> <span class='ocrx_word' id='word_1_137' title='bbox 924 1676 988 1752; x_wconf 76' lang='lat' dir='ltr'><strong>ejus</strong></span> <span class='ocrx_word' id='word_1_138' title='bbox 999 1676 1058 1737; x_wconf 88' lang='lat' dir='ltr'><strong>diei</strong></span> 
     </span>
     <span class='ocr_line' id='line_1_18' title="bbox 66 1752 1056 1912; baseline 0.004 -99"><span class='ocrx_word' id='word_1_139' title='bbox 66 1754 146 1912; x_wconf 49' lang='lat' dir='ltr'><strong>diepa</strong></span> <span class='ocrx_word' id='word_1_140' title='bbox 159 1756 289 1815; x_wconf 87' lang='lat' dir='ltr'><strong>tertium:</strong></span> <span class='ocrx_word' id='word_1_141' title='bbox 310 1754 362 1833; x_wconf 88' lang='lat' dir='ltr'><strong>qui</strong></span> <span class='ocrx_word' id='word_1_142' title='bbox 374 1766 407 1814; x_wconf 87' lang='lat' dir='ltr'><strong>ut</strong></span> <span class='ocrx_word' id='word_1_143' title='bbox 422 1754 527 1823; x_wconf 83' lang='lat' dir='ltr'><strong>illuxit,</strong></span> <span class='ocrx_word' id='word_1_144' title='bbox 540 1754 648 1813; x_wconf 86' lang='lat' dir='ltr'><strong>mortui</strong></span> <span class='ocrx_word' id='word_1_145' title='bbox 661 1764 728 1813; x_wconf 85' lang='lat' dir='ltr'><strong>aunt</strong></span> <span class='ocrx_word' id='word_1_146' title='bbox 749 1752 860 1831; x_wconf 85' lang='lat' dir='ltr'><strong>reperti</strong></span> <span class='ocrx_word' id='word_1_147' title='bbox 891 1756 941 1837; x_wconf 86' lang='lat' dir='ltr'><strong>(T.</strong></span> <span class='ocrx_word' id='word_1_148' title='bbox 959 1757 1016 1819; x_wconf 75' lang='lat' dir='ltr'><strong>Qu.</strong></span> <span class='ocrx_word' id='word_1_149' title='bbox 1034 1756 1056 1817; x_wconf 90' lang='grc' dir='ltr'><strong>Ι.</strong></span> 
     </span>
    </p>
   </div>
   <div class='ocr_carea' id='block_1_5' title="bbox 270 1990 861 2071">
    <p class='ocr_par' dir='ltr' id='par_1_5' title="bbox 270 1990 861 2071">
     <span class='ocr_line' id='line_1_19' title="bbox 270 1990 861 2071; baseline -0.005 -17"><span class='ocrx_word' id='word_1_150' title='bbox 270 1993 356 2054; x_wconf 87' lang='lat' dir='ltr'><strong>XVI.</strong></span> <span class='ocrx_word' id='word_1_151' title='bbox 379 1992 490 2070; x_wconf 71' lang='lat' dir='ltr'><strong>Pythii</strong></span> <span class='ocrx_word' id='word_1_152' title='bbox 493 1990 690 2071; x_wconf 72' lang='lat' dir='ltr'><strong>foeneratoris</strong></span> <span class='ocrx_word' id='word_1_153' title='bbox 704 1992 861 2053; x_wconf 77' lang='lat' dir='ltr'><strong>colliditur.</strong></span> 
     </span>
    </p>
   </div>
   <div class='ocr_carea' id='block_1_6' title="bbox 49 2148 1056 3823">
    <p class='ocr_par' dir='ltr' id='par_1_6' title="bbox 49 2148 1056 3823">
     <span class='ocr_line' id='line_1_20' title="bbox 108 2148 1055 2229; baseline 0.001 -16"><span class='ocrx_word' id='word_1_154' title='bbox 108 2153 142 2213; x_wconf 82' lang='grc' dir='ltr'><strong>Ο.</strong></span> <span class='ocrx_word' id='word_1_155' title='bbox 159 2151 278 2224; x_wconf 81' lang='lat' dir='ltr'><strong>Canius,</strong></span> <span class='ocrx_word' id='word_1_156' title='bbox 293 2170 382 2229; x_wconf 88' lang='lat' dir='ltr'><strong>eques</strong></span> <span class='ocrx_word' id='word_1_157' title='bbox 395 2152 554 2221; x_wconf 88' lang='lat' dir='ltr'><strong>Romanus,</strong></span> <span class='ocrx_word' id='word_1_158' title='bbox 568 2170 623 2209; x_wconf 86' lang='lat' dir='ltr'><strong>nec</strong></span> <span class='ocrx_word' id='word_1_159' title='bbox 636 2148 775 2210; x_wconf 78' lang='lat' dir='ltr'><strong>infacetus</strong></span> <span class='ocrx_word' id='word_1_160' title='bbox 788 2162 816 2209; x_wconf 89' lang='lat' dir='ltr'><strong>et</strong></span> <span class='ocrx_word' id='word_1_161' title='bbox 824 2152 894 2211; x_wconf 86' lang='lat' dir='ltr'><strong>satia</strong></span> <span class='ocrx_word' id='word_1_162' title='bbox 906 2150 1055 2224; x_wconf 84' lang='lat' dir='ltr'><strong>litteratus,</strong></span> 
     </span>
     <span class='ocr_line' id='line_1_21' title="bbox 65 2228 1056 2312; baseline 0.004 -22"><span class='ocrx_word' id='word_1_163' title='bbox 65 2250 161 2310; x_wconf 87' lang='lat' dir='ltr'><strong>quum</strong></span> <span class='ocrx_word' id='word_1_164' title='bbox 174 2251 206 2293; x_wconf 88' lang='lat' dir='ltr'><strong>se</strong></span> <span class='ocrx_word' id='word_1_165' title='bbox 226 2235 388 2312; x_wconf 76' lang='lat' dir='ltr'><strong>Syracusas</strong></span> <span class='ocrx_word' id='word_1_166' title='bbox 408 2231 516 2290; x_wconf 88' lang='lat' dir='ltr'><strong>otiandi</strong></span> <span class='ocrx_word' id='word_1_167' title='bbox 530 2236 574 2311; x_wconf 91' lang='lat' dir='ltr'><strong>(ut</strong></span> <span class='ocrx_word' id='word_1_168' title='bbox 595 2230 656 2309; x_wconf 89' lang='lat' dir='ltr'><strong>ipse</strong></span> <span class='ocrx_word' id='word_1_169' title='bbox 676 2228 772 2289; x_wconf 87' lang='lat' dir='ltr'><strong>dicere</strong></span> <span class='ocrx_word' id='word_1_170' title='bbox 792 2229 922 2309; x_wconf 71' lang='lat' dir='ltr'><strong>solebat)</strong></span> <span class='ocrx_word' id='word_1_171' title='bbox 936 2253 996 2293; x_wconf 83' lang='lat' dir='ltr'><strong>uon</strong></span> <span class='ocrx_word' id='word_1_172' title='bbox 1007 2250 1056 2293; x_wconf 85' lang='lat' dir='ltr'><strong>ne·</strong></span> 
     </span>
     <span class='ocr_line' id='line_1_22' title="bbox 65 2308 1054 2389; baseline 0.003 -19"><span class='ocrx_word' id='word_1_173' title='bbox 65 2310 198 2388; x_wconf 85' lang='lat' dir='ltr'><strong>gotiandi</strong></span> <span class='ocrx_word' id='word_1_174' title='bbox 218 2332 314 2380; x_wconf 78' lang='lat' dir='ltr'><strong>causa,</strong></span> <span class='ocrx_word' id='word_1_175' title='bbox 345 2309 522 2379; x_wconf 85' lang='lat' dir='ltr'><strong>contulisset,</strong></span> <span class='ocrx_word' id='word_1_176' title='bbox 551 2308 700 2377; x_wconf 85' lang='lat' dir='ltr'><strong>dictitabat,</strong></span> <span class='ocrx_word' id='word_1_177' title='bbox 722 2328 754 2367; x_wconf 88' lang='lat' dir='ltr'><strong>se</strong></span> <span class='ocrx_word' id='word_1_178' title='bbox 782 2309 913 2369; x_wconf 87' lang='lat' dir='ltr'><strong>hortulos</strong></span> <span class='ocrx_word' id='word_1_179' title='bbox 931 2310 1054 2389; x_wconf 80' lang='lat' dir='ltr'><strong>aliquos</strong></span> 
     </span>
     <span class='ocr_line' id='line_1_23' title="bbox 61 2388 1056 2469; baseline 0.002 -20"><span class='ocrx_word' id='word_1_180' title='bbox 61 2390 142 2450; x_wconf 87' lang='lat' dir='ltr'><strong>velle</strong></span> <span class='ocrx_word' id='word_1_181' title='bbox 162 2411 267 2461; x_wconf 79' lang='lat' dir='ltr'><strong>emere,</strong></span> <span class='ocrx_word' id='word_1_182' title='bbox 287 2410 345 2469; x_wconf 86' lang='lat' dir='ltr'><strong>quo</strong></span> <span class='ocrx_word' id='word_1_183' title='bbox 365 2389 489 2449; x_wconf 85' lang='lat' dir='ltr'><strong>invitare</strong></span> <span class='ocrx_word' id='word_1_184' title='bbox 500 2389 617 2458; x_wconf 89' lang='lat' dir='ltr'><strong>amicos,</strong></span> <span class='ocrx_word' id='word_1_185' title='bbox 632 2397 659 2446; x_wconf 89' lang='lat' dir='ltr'><strong>et</strong></span> <span class='ocrx_word' id='word_1_186' title='bbox 671 2388 721 2447; x_wconf 89' lang='lat' dir='ltr'><strong>ubi</strong></span> <span class='ocrx_word' id='word_1_187' title='bbox 735 2406 767 2447; x_wconf 85' lang='lat' dir='ltr'><strong>se</strong></span> <span class='ocrx_word' id='word_1_188' title='bbox 780 2388 922 2451; x_wconf 84' lang='lat' dir='ltr'><strong>oblectere</strong></span> <span class='ocrx_word' id='word_1_189' title='bbox 936 2392 1000 2450; x_wconf 85' lang='lat' dir='ltr'><strong>sine</strong></span> <span class='ocrx_word' id='word_1_190' title='bbox 1013 2392 1056 2451; x_wconf 91' lang='lat' dir='ltr'><strong>iu·</strong></span> 
     </span>
     <span class='ocr_line' id='line_1_24' title="bbox 60 2463 1054 2549; baseline 0.003 -20"><span class='ocrx_word' id='word_1_191' title='bbox 60 2469 295 2549; x_wconf 86' lang='lat' dir='ltr'><strong>terpellatoribus</strong></span> <span class='ocrx_word' id='word_1_192' title='bbox 309 2480 410 2548; x_wconf 86' lang='lat' dir='ltr'><strong>posset.</strong></span> <span class='ocrx_word' id='word_1_193' title='bbox 455 2467 542 2531; x_wconf 73' lang='lat' dir='ltr'><strong>Quod</strong></span> <span class='ocrx_word' id='word_1_194' title='bbox 555 2463 875 2545; x_wconf 68' lang='lat' dir='ltr'><strong>quum&#39;percrebuisset,</strong></span> <span class='ocrx_word' id='word_1_195' title='bbox 886 2470 1012 2549; x_wconf 84' lang='lat' dir='ltr'><strong>Pythius</strong></span> <span class='ocrx_word' id='word_1_196' title='bbox 1027 2472 1054 2532; x_wconf 90' lang='lat' dir='ltr'><strong>ei</strong></span> 
     </span>
     <span class='ocr_line' id='line_1_25' title="bbox 59 2546 1055 2628; baseline 0.006 -21"><span class='ocrx_word' id='word_1_197' title='bbox 59 2550 192 2627; x_wconf 68' lang='lat' dir='ltr'><strong>quidam,</strong></span> <span class='ocrx_word' id='word_1_198' title='bbox 213 2550 263 2628; x_wconf 90' lang='lat' dir='ltr'><strong>qui</strong></span> <span class='ocrx_word' id='word_1_199' title='bbox 291 2548 489 2627; x_wconf 84' lang='lat' dir='ltr'><strong>argentariam</strong></span> <span class='ocrx_word' id='word_1_200' title='bbox 516 2546 622 2605; x_wconf 85' lang='lat' dir='ltr'><strong>faceret</strong></span> <span class='ocrx_word' id='word_1_201' title='bbox 649 2548 810 2626; x_wconf 78' lang='lat' dir='ltr'><strong>Syracusis,</strong></span> <span class='ocrx_word' id='word_1_202' title='bbox 831 2549 909 2618; x_wconf 78' lang='lat' dir='ltr'><strong>dixit</strong></span> <span class='ocrx_word' id='word_1_203' title='bbox 937 2549 1055 2613; x_wconf 87' lang='lat' dir='ltr'><strong>venales</strong></span> 
     </span>
     <span class='ocr_line' id='line_1_26' title="bbox 59 2625 1053 2707; baseline 0.002 -19"><span class='ocrx_word' id='word_1_204' title='bbox 59 2628 225 2707; x_wconf 83' lang='lat' dir='ltr'><strong>quidemse</strong></span> <span class='ocrx_word' id='word_1_205' title='bbox 237 2630 335 2689; x_wconf 89' lang='lat' dir='ltr'><strong>hortos</strong></span> <span class='ocrx_word' id='word_1_206' title='bbox 353 2648 412 2687; x_wconf 87' lang='lat' dir='ltr'><strong>uon</strong></span> <span class='ocrx_word' id='word_1_207' title='bbox 432 2627 547 2694; x_wconf 72' lang='lat' dir='ltr'><strong>habere</strong></span> <span class='ocrx_word' id='word_1_208' title='bbox 560 2626 612 2685; x_wconf 87' lang='lat' dir='ltr'><strong>aed</strong></span> <span class='ocrx_word' id='word_1_209' title='bbox 633 2625 721 2686; x_wconf 88' lang='lat' dir='ltr'><strong>licere</strong></span> <span class='ocrx_word' id='word_1_210' title='bbox 740 2628 782 2687; x_wconf 88' lang='lat' dir='ltr'><strong>uti</strong></span> <span class='ocrx_word' id='word_1_211' title='bbox 798 2628 899 2697; x_wconf 83' lang='lat' dir='ltr'><strong>Canio,</strong></span> <span class='ocrx_word' id='word_1_212' title='bbox 914 2629 940 2687; x_wconf 87' lang='lat' dir='ltr'><strong>si</strong></span> <span class='ocrx_word' id='word_1_213' title='bbox 960 2628 1053 2700; x_wconf 82' lang='lat' dir='ltr'><strong>vellet,</strong></span> 
     </span>
     <span class='ocr_line' id='line_1_27' title="bbox 58 2705 1054 2769; baseline 0.002 -2"><span class='ocrx_word' id='word_1_214' title='bbox 58 2719 94 2767; x_wconf 87' lang='lat' dir='ltr'><strong>nt</strong></span> <span class='ocrx_word' id='word_1_215' title='bbox 115 2710 192 2767; x_wconf 88' lang='lat' dir='ltr'><strong>suis:</strong></span> <span class='ocrx_word' id='word_1_216' title='bbox 214 2718 241 2768; x_wconf 90' lang='lat' dir='ltr'><strong>et</strong></span> <span class='ocrx_word' id='word_1_217' title='bbox 254 2706 343 2769; x_wconf 85' lang='lat' dir='ltr'><strong>simul</strong></span> <span class='ocrx_word' id='word_1_218' title='bbox 356 2707 394 2766; x_wconf 88' lang='lat' dir='ltr'><strong>ad</strong></span> <span class='ocrx_word' id='word_1_219' title='bbox 406 2724 528 2766; x_wconf 87' lang='lat' dir='ltr'><strong>coenam</strong></span> <span class='ocrx_word' id='word_1_220' title='bbox 540 2705 690 2767; x_wconf 87' lang='lat' dir='ltr'><strong>homiuem</strong></span> <span class='ocrx_word' id='word_1_221' title='bbox 711 2706 741 2765; x_wconf 93' lang='lat' dir='ltr'><strong>in</strong></span> <span class='ocrx_word' id='word_1_222' title='bbox 762 2706 859 2765; x_wconf 91' lang='lat' dir='ltr'><strong>hortos</strong></span> <span class='ocrx_word' id='word_1_223' title='bbox 872 2708 1002 2769; x_wconf 85' lang='lat' dir='ltr'><strong>invitavit</strong></span> <span class='ocrx_word' id='word_1_224' title='bbox 1022 2710 1054 2769; x_wconf 87' lang='lat' dir='ltr'><strong>in</strong></span> 
     </span>
     <span class='ocr_line' id='line_1_28' title="bbox 56 2780 1054 2867; baseline 0.004 -20"><span class='ocrx_word' id='word_1_225' title='bbox 56 2798 212 2867; x_wconf 84' lang='lat' dir='ltr'><strong>posterum</strong></span> <span class='ocrx_word' id='word_1_226' title='bbox 225 2787 309 2848; x_wconf 89' lang='lat' dir='ltr'><strong>diam.</strong></span> <span class='ocrx_word' id='word_1_227' title='bbox 353 2789 457 2850; x_wconf 78' lang='lat' dir='ltr'><strong>Quum</strong></span> <span class='ocrx_word' id='word_1_228' title='bbox 470 2784 521 2844; x_wconf 92' lang='lat' dir='ltr'><strong>ille</strong></span> <span class='ocrx_word' id='word_1_229' title='bbox 533 2785 719 2863; x_wconf 85' lang='lat' dir='ltr'><strong>promisisset,</strong></span> <span class='ocrx_word' id='word_1_230' title='bbox 728 2796 791 2847; x_wconf 87' lang='lat' dir='ltr'><strong>tum</strong></span> <span class='ocrx_word' id='word_1_231' title='bbox 806 2780 998 2866; x_wconf 86' lang='lat' dir='ltr'><strong>Pythius‚qai</strong></span> <span class='ocrx_word' id='word_1_232' title='bbox 1012 2809 1054 2851; x_wconf 78' lang='lat' dir='ltr'><strong>sr-</strong></span> 
     </span>
     <span class='ocr_line' id='line_1_29' title="bbox 56 2864 1053 2945; baseline 0.003 -19"><span class='ocrx_word' id='word_1_233' title='bbox 56 2879 113 2939; x_wconf 82' lang='lat' dir='ltr'><strong>set,</strong></span> <span class='ocrx_word' id='word_1_234' title='bbox 127 2878 160 2927; x_wconf 85' lang='lat' dir='ltr'><strong>ut</strong></span> <span class='ocrx_word' id='word_1_235' title='bbox 178 2867 368 2945; x_wconf 78' lang='lat' dir='ltr'><strong>argentarius,</strong></span> <span class='ocrx_word' id='word_1_236' title='bbox 382 2864 460 2944; x_wconf 88' lang='lat' dir='ltr'><strong>apud</strong></span> <span class='ocrx_word' id='word_1_237' title='bbox 479 2884 581 2924; x_wconf 83' lang='lat' dir='ltr'><strong>omnes</strong></span> <span class='ocrx_word' id='word_1_238' title='bbox 595 2864 710 2925; x_wconf 87' lang='lat' dir='ltr'><strong>ordines</strong></span> <span class='ocrx_word' id='word_1_239' title='bbox 731 2866 882 2943; x_wconf 85' lang='lat' dir='ltr'><strong>gratiosus,</strong></span> <span class='ocrx_word' id='word_1_240' title='bbox 896 2866 1053 2945; x_wconf 82' lang='lat' dir='ltr'><strong>piscatores</strong></span> 
     </span>
     <span class='ocr_line' id='line_1_30' title="bbox 55 2944 1054 3083; baseline 0.001 -76"><span class='ocrx_word' id='word_1_241' title='bbox 55 2946 100 3006; x_wconf 87' lang='lat' dir='ltr'><strong>ad</strong></span> <span class='ocrx_word' id='word_1_242' title='bbox 120 2965 154 3007; x_wconf 87' lang='lat' dir='ltr'><strong>se</strong></span> <span class='ocrx_word' id='word_1_243' title='bbox 167 2946 432 3083; x_wconf 40' lang='lat' dir='ltr'><strong>convocanda&amp;</strong></span> <span class='ocrx_word' id='word_1_244' title='bbox 449 2944 496 3003; x_wconf 87' lang='lat' dir='ltr'><strong>his</strong></span> <span class='ocrx_word' id='word_1_245' title='bbox 509 2945 615 3023; x_wconf 84' lang='lat' dir='ltr'><strong>petivit,</strong></span> <span class='ocrx_word' id='word_1_246' title='bbox 625 2955 656 3003; x_wconf 88' lang='lat' dir='ltr'><strong>ut</strong></span> <span class='ocrx_word' id='word_1_247' title='bbox 673 2955 739 3005; x_wconf 89' lang='lat' dir='ltr'><strong>aute</strong></span> <span class='ocrx_word' id='word_1_248' title='bbox 751 2965 820 3005; x_wconf 87' lang='lat' dir='ltr'><strong>suos</strong></span> <span class='ocrx_word' id='word_1_249' title='bbox 835 2945 966 3007; x_wconf 85' lang='lat' dir='ltr'><strong>hortulos</strong></span> <span class='ocrx_word' id='word_1_250' title='bbox 980 2956 1054 3026; x_wconf 86' lang='lat' dir='ltr'><strong>post·</strong></span> 
     </span>
     <span class='ocr_line' id='line_1_31' title="bbox 55 3024 1054 3105; baseline 0.001 -19"><span class='ocrx_word' id='word_1_251' title='bbox 55 3026 139 3086; x_wconf 83' lang='lat' dir='ltr'><strong>ridie</strong></span> <span class='ocrx_word' id='word_1_252' title='bbox 160 3027 355 3105; x_wconf 75' lang='lat' dir='ltr'><strong>piscarentur3</strong></span> <span class='ocrx_word' id='word_1_253' title='bbox 399 3026 404 3037; x_wconf 93' lang='grc'><strong>“</strong></span> <span class='ocrx_word' id='word_1_254' title='bbox 427 3025 513 3101; x_wconf 80' lang='lat' dir='ltr'><strong>itque,</strong></span> <span class='ocrx_word' id='word_1_255' title='bbox 526 3024 597 3102; x_wconf 90' lang='lat' dir='ltr'><strong>quid</strong></span> <span class='ocrx_word' id='word_1_256' title='bbox 610 3044 659 3084; x_wconf 89' lang='lat' dir='ltr'><strong>eos</strong></span> <span class='ocrx_word' id='word_1_257' title='bbox 673 3024 767 3085; x_wconf 82' lang='lat' dir='ltr'><strong>facere</strong></span> <span class='ocrx_word' id='word_1_258' title='bbox 786 3024 878 3085; x_wconf 86' lang='lat' dir='ltr'><strong>vellat.</strong></span> <span class='ocrx_word' id='word_1_259' title='bbox 922 3025 971 3087; x_wconf 82' lang='lat' dir='ltr'><strong>Ad</strong></span> <span class='ocrx_word' id='word_1_260' title='bbox 991 3046 1054 3087; x_wconf 85' lang='lat' dir='ltr'><strong>coa·</strong></span> 
     </span>
     <span class='ocr_line' id='line_1_32' title="bbox 54 3104 1053 3243; baseline 0.002 -78"><span class='ocrx_word' id='word_1_261' title='bbox 54 3124 134 3165; x_wconf 88' lang='lat' dir='ltr'><strong>nam</strong></span> <span class='ocrx_word' id='word_1_262' title='bbox 145 3116 275 3184; x_wconf 85' lang='lat' dir='ltr'><strong>tempore</strong></span> <span class='ocrx_word' id='word_1_263' title='bbox 286 3106 366 3164; x_wconf 81' lang='lat' dir='ltr'><strong>venit</strong></span> <span class='ocrx_word' id='word_1_264' title='bbox 380 3104 508 3164; x_wconf 83' lang='lat' dir='ltr'><strong>Canius:</strong></span> <span class='ocrx_word' id='word_1_265' title='bbox 530 3104 648 3243; x_wconf 85' lang='lat' dir='ltr'><strong>opipare</strong></span> <span class='ocrx_word' id='word_1_266' title='bbox 661 3124 679 3163; x_wconf 89' lang='lat' dir='ltr'><strong>a</strong></span> <span class='ocrx_word' id='word_1_267' title='bbox 693 3104 800 3184; x_wconf 81' lang='lat' dir='ltr'><strong>Pythio</strong></span> <span class='ocrx_word' id='word_1_268' title='bbox 808 3118 978 3185; x_wconf 85' lang='lat' dir='ltr'><strong>apparatum</strong></span> <span class='ocrx_word' id='word_1_269' title='bbox 987 3124 1053 3167; x_wconf 84' lang='lat' dir='ltr'><strong>con·</strong></span> 
     </span>
     <span class='ocr_line' id='line_1_33' title="bbox 55 3182 1052 3265; baseline 0.002 -22"><span class='ocrx_word' id='word_1_270' title='bbox 55 3184 192 3244; x_wconf 81' lang='lat' dir='ltr'><strong>virium:</strong></span> <span class='ocrx_word' id='word_1_271' title='bbox 214 3186 387 3265; x_wconf 84' lang='lat' dir='ltr'><strong>cymbarum</strong></span> <span class='ocrx_word' id='word_1_272' title='bbox 406 3193 472 3244; x_wconf 90' lang='lat' dir='ltr'><strong>ante</strong></span> <span class='ocrx_word' id='word_1_273' title='bbox 491 3202 548 3243; x_wconf 90' lang='lat' dir='ltr'><strong>ocu</strong></span> <span class='ocrx_word' id='word_1_274' title='bbox 559 3204 592 3243; x_wconf 86' lang='lat' dir='ltr'><strong>os</strong></span> <span class='ocrx_word' id='word_1_275' title='bbox 613 3182 780 3245; x_wconf 89' lang='lat' dir='ltr'><strong>multitudo:</strong></span> <span class='ocrx_word' id='word_1_276' title='bbox 803 3205 856 3265; x_wconf 90' lang='lat' dir='ltr'><strong>pro</strong></span> <span class='ocrx_word' id='word_1_277' title='bbox 876 3186 1052 3264; x_wconf 78' lang='lat' dir='ltr'><strong>aequisque,</strong></span> 
     </span>
     <span class='ocr_line' id='line_1_34' title="bbox 53 3261 1053 3344; baseline 0.004 -21"><span class='ocrx_word' id='word_1_278' title='bbox 53 3261 139 3341; x_wconf 91' lang='lat' dir='ltr'><strong>quod</strong></span> <span class='ocrx_word' id='word_1_279' title='bbox 160 3275 281 3344; x_wconf 67' lang='lat' dir='ltr'><strong>ceperat,</strong></span> <span class='ocrx_word' id='word_1_280' title='bbox 301 3263 460 3341; x_wconf 80' lang='lat' dir='ltr'><strong>adferebat3</strong></span> <span class='ocrx_word' id='word_1_281' title='bbox 488 3263 661 3342; x_wconf 87' lang='lat' dir='ltr'><strong>antepedes</strong></span> <span class='ocrx_word' id='word_1_282' title='bbox 690 3264 790 3343; x_wconf 85' lang='lat' dir='ltr'><strong>Pythii</strong></span> <span class='ocrx_word' id='word_1_283' title='bbox 819 3284 913 3343; x_wconf 83' lang='lat' dir='ltr'><strong>praees</strong></span> <span class='ocrx_word' id='word_1_284' title='bbox 939 3265 1053 3342; x_wconf 76' lang='lat' dir='ltr'><strong>abjicio·</strong></span> 
     </span>
     <span class='ocr_line' id='line_1_35' title="bbox 52 3342 1053 3421; baseline -0.001 -17"><span class='ocrx_word' id='word_1_285' title='bbox 52 3344 174 3405; x_wconf 87' lang='lat' dir='ltr'><strong>bantur.</strong></span> <span class='ocrx_word' id='word_1_286' title='bbox 217 3345 299 3404; x_wconf 82' lang='lat' dir='ltr'><strong>&#39;I&#39;um</strong></span> <span class='ocrx_word' id='word_1_287' title='bbox 313 3344 442 3403; x_wconf 81' lang='lat' dir='ltr'><strong>Gauius:</strong></span> <span class='ocrx_word' id='word_1_288' title='bbox 467 3342 588 3413; x_wconf 76' lang='lat' dir='ltr'><strong>Quaeso,</strong></span> <span class='ocrx_word' id='word_1_289' title='bbox 603 3342 703 3421; x_wconf 81' lang='lat' dir='ltr'><strong>iuquit,</strong></span> <span class='ocrx_word' id='word_1_290' title='bbox 715 3346 785 3421; x_wconf 78' lang='lat' dir='ltr'><strong>quid</strong></span> <span class='ocrx_word' id='word_1_291' title='bbox 806 3353 847 3403; x_wconf 83' lang='lat' dir='ltr'><strong>ert</strong></span> <span class='ocrx_word' id='word_1_292' title='bbox 860 3346 917 3413; x_wconf 75' lang='lat' dir='ltr'><strong>tac,</strong></span> <span class='ocrx_word' id='word_1_293' title='bbox 933 3345 1053 3421; x_wconf 61' lang='lat' dir='ltr'><strong>Partir</strong></span> 
     </span>
     <span class='ocr_line' id='line_1_36' title="bbox 54 3422 1053 3517; baseline 0.001 -35"><span class='ocrx_word' id='word_1_294' title='bbox 54 3424 507 3515; x_wconf 64' lang='lat' dir='ltr'><strong>tomumaepirciumomtoatm</strong></span> <span class='ocrx_word' id='word_1_295' title='bbox 516 3425 702 3516; x_wconf 54' lang='lat' dir='ltr'><strong>cymbarum?</strong></span> <span class='ocrx_word' id='word_1_296' title='bbox 715 3422 828 3517; x_wconf 57' lang='lat' dir='ltr'><strong>Elffli&#39;*</strong></span> <span class='ocrx_word' id='word_1_297' title='bbox 845 3424 918 3500; x_wconf 79' lang='lat' dir='ltr'><strong>quid</strong></span> <span class='ocrx_word' id='word_1_298' title='bbox 926 3426 1053 3485; x_wconf 66' lang='lat' dir='ltr'><strong>raham?</strong></span> 
     </span>
     <span class='ocr_line' id='line_1_37' title="bbox 51 3504 1052 3660; baseline 0.002 -18"><span class='ocrx_word' id='word_1_299' title='bbox 51 3505 355 3644; x_wconf 67' lang='lat' dir='ltr'><strong>aurata</strong></span> <span class='ocrx_word' id='word_1_300' title='bbox 366 3504 1052 3660; x_wconf 58' lang='lat' dir='ltr'><strong>rrrar*</strong></span> 
     </span>
     <span class='ocr_line' id='line_1_38' title="bbox 49 3660 1049 3741; baseline 0.003 -21"><span class='ocrx_word' id='word_1_301' title='bbox 49 3660 180 3741; x_wconf 84' lang='lat' dir='ltr'><strong>piditata</strong></span> <span class='ocrx_word' id='word_1_302' title='bbox 192 3661 336 3723; x_wconf 88' lang='lat' dir='ltr'><strong>contendit</strong></span> <span class='ocrx_word' id='word_1_303' title='bbox 352 3680 371 3721; x_wconf 86' lang='lat' dir='ltr'><strong>a</strong></span> <span class='ocrx_word' id='word_1_304' title='bbox 385 3661 501 3741; x_wconf 86' lang='lat' dir='ltr'><strong>Pythio,</strong></span> <span class='ocrx_word' id='word_1_305' title='bbox 516 3672 546 3721; x_wconf 91' lang='lat' dir='ltr'><strong>ut</strong></span> <span class='ocrx_word' id='word_1_306' title='bbox 557 3660 700 3722; x_wconf 78' lang='lat' dir='ltr'><strong>venderet.</strong></span> <span class='ocrx_word' id='word_1_307' title='bbox 743 3662 872 3721; x_wconf 81' lang='lat' dir='ltr'><strong>Gravate</strong></span> <span class='ocrx_word' id='word_1_308' title='bbox 883 3660 935 3722; x_wconf 87' lang='lat' dir='ltr'><strong>rlla</strong></span> <span class='ocrx_word' id='word_1_309' title='bbox 948 3662 1049 3740; x_wconf 86' lang='lat' dir='ltr'><strong>primo.</strong></span> 
     </span>
     <span class='ocr_line' id='line_1_39' title="bbox 53 3738 1050 3823; baseline -0.004 -16"><span class='ocrx_word' id='word_1_310' title='bbox 53 3740 147 3807; x_wconf 75' lang='lat' dir='ltr'><strong>Quid</strong></span> <span class='ocrx_word' id='word_1_311' title='bbox 160 3738 275 3803; x_wconf 78' lang='lat' dir='ltr'><strong>multat</strong></span> <span class='ocrx_word' id='word_1_312' title='bbox 293 3742 433 3821; x_wconf 76' lang='lat' dir='ltr'><strong>impetrat</strong></span> <span class='ocrx_word' id='word_1_313' title='bbox 474 3742 557 3805; x_wconf 82' lang='lat' dir='ltr'><strong>Emit</strong></span> <span class='ocrx_word' id='word_1_314' title='bbox 569 3741 658 3804; x_wconf 78' lang='lat' dir='ltr'><strong>horno</strong></span> <span class='ocrx_word' id='word_1_315' title='bbox 671 3738 830 3822; x_wconf 82' lang='lat' dir='ltr'><strong>cupiduset</strong></span> <span class='ocrx_word' id='word_1_316' title='bbox 842 3739 1050 3823; x_wconf 70' lang='lat' dir='ltr'><strong>locuplummi</strong></span> 
     </span>
    </p>
   </div>
   <div class='ocr_carea' id='block_1_7' title="bbox 0 0 1154 4059">
    <p class='ocr_par' dir='ltr' id='par_1_7' title="bbox 0 0 1154 4059">
     <span class='ocr_line' id='line_1_40' title="bbox 0 0 1154 4059; baseline 0 4"><span class='ocrx_word' id='word_1_317' title='bbox 0 0 1154 4059; x_wconf 95' lang='lat' dir='ltr'><strong> </strong></span> 
     </span>
    </p>
   </div>
  </div>
 </body>
</html>
