2300 4059
113 94 156 159 lb
440 114 501 159 ιιι
513 112 774 161 amitinum.

239 256 266 313 3.
287 252 517 344 Maedicam
531 258 613 317 bellu.
656 258 771 340 (lustin
787 252 903 319 XLIIL
920 256 979 337 ⁵·l'

154 410 225 473 Post
244 409 317 471 baec
328 430 439 491 magns
451 412 513 473 illis
524 410 601 473 etuu'
615 414 784 493 Liguribus,
797 434 906 493 magna
920 434 994 475 cum
1009 412 1103 475 Gallis

112 488 194 550 itere
205 487 297 567 bslla;
318 508 394 568 quae
406 511 454 551 ras
465 492 546 552 urbis
559 492 686 570 gloriam
699 494 779 553 auxit
793 496 1040 572 Graecorumque
1052 493 1102 553 vir-

112 580 202 628 tutem
210 567 353 629 celebrem
361 570 713 633 interlinitimosreddidit
735 572 1031 652 Oanhuginlensium
1040 592 1103 651 quo·

112 647 170 727 que
182 648 333 719 exereitus,
341 668 434 727 quum
445 649 663 731 bellumbaptis
676 652 850 743 piscatorum
863 652 1000 723 navibus,
1011 664 1104 711 ortum

112 737 193 794 esset,
209 743 302 805 ‘saepo
321 728 463 798 iudenmt,
483 747 642 808 pacemque
661 731 743 789 uotis
762 730 918 809 dederunt3
942 750 1017 790 cum
1039 730 1104 790 His

111 805 196 883 panis
215 806 373 865 amiciam
387 808 571 887 ⁴junxernn't3
593 828 662 871 cum
682 809 824 869 Romanis
851 814 944 887 prope
965 810 1005 870 ab
1027 808 1104 867 initio

111 884 243 945 maenaa
249 885 331 945 urbis
339 884 1105 964 foedusstunmalidecust'odierunt.auxiliisqueinomni-

111 962 167 1022 bus
178 961 264 1022 bellis
284 964 426 1025 industrie
437 966 531 1025 socios
541 966 686 1043 juverunt
729 967 815 1029 Quae
825 984 872 1026 res
885 964 949 1025 illis
962 979 991 1025 et
1000 965 1104 1025 uirium

112 1039 251 1102 fiduciam
262 1043 350 1113 auxit,
364 1054 392 1103 et
403 1063 506 1123 pacem
513 1044 550 1105 ab
564 1043 694 1105 hostibus
706 1046 850 1123 praestitit

113 1202 140 1261 b
162 1200 316 1263 linitiva&
328 1202 465 1281 impetun
478 1202 513 1262 in
526 1201 766 1364 witfiibbmim'
774 1202 891 1261 deosum
900 1222 978 1263 curo
992 1220 1104 1261 semaa·

470 1290 526 1341 tur.
611 1302 622 1341 1
642 1329 647 1340 .

155 1438 259 1502 Quum
272 1438 363 1529 igitur
373 1437 507 1499 Massilia
520 1440 597 1499 fama
611 1458 710 1499 rerum
723 1448 877 1516 gestarum,
892 1452 919 1499 et
928 1438 1103 1498 abundantia

112 1531 208 1597 uptun,
223 1528 250 1577 et
263 1517 377 1590 tunium¹
383 1516 479 1595 gloria
493 1516 614 1590 floreret,
629 1528 745 1597 repente
758 1516 873 1577 finitimi
886 1515 993 1597 populi
1008 1518 1047 1578 ad
1059 1537 1102 1577 no

110 1614 180 1656 men
188 1595 427 1656 Massiliensiuml
436 1591 599 1667 delendum,
611 1597 700 1657 veluti
707 1596 745 1655 ad
752 1614 906 1655 commune
914 1596 1100 1673 exstinguen-

111 1672 182 1735 tium
201 1674 376 1760 incendium,
389 1679 571 1736 concurrunt.
598 1678 687 1743 ,Dux
699 1694 841 1735 consensu
861 1676 1000 1735 omnium
1023 1676 1104 1735 Catu·

110 1754 237 1818 mandas.
247 1753 371 1833 ,regulus
384 1752 509 1832 eligitur,
525 1756 688 1835 qui'quum
709 1774 816 1832 magno
830 1755 962 1813 exercitu
987 1752 1105 1815 lectissi-

111 1852 228 1894 morum
240 1834 376 1895 virorum
384 1834 485 1893 urbem
499 1831 627 1897 hostium
640 1833 788 1903 obsideret
802 1853 852 1911 per
866 1832 998 1913 quietem
1012 1835 1105 1911 specie

111 1923 209 1973 torvae
221 1912 361 1982 mulieris,
376 1911 592 1991 quaescdeam
606 1912 723 1984 dicebat,
738 1912 895 1981 exterritus,
910 1912 990 1973 ultro
1046 1930 1106 1972 cem
1140 1934 1141 2004 i

112 2012 180 2052 cum
189 1991 422 2053 Massiliensibus
432 1992 511 2069 iecit3
533 1992 696 2071 petitoque,¹
704 2002 735 2052 ut
748 1992 854 2053 intrare
867 1989 911 2051 illi
921 1991 955 2049 in
965 2011 1004 2051 ur
1042 2002 1106 2049 met

112 2073 181 2131 deos
195 2092 296 2131 eorum
305 2070 425 2131 adorare
434 2070 540 2141 liceret,
549 2090 642 2149 quum
656 2072 686 2131 in
701 2090 798 2131 arcem
808 2071 963 2131 Minervae
972 2071 1106 2139 venisset,

111 2161 264 2229 conspecto
277 2148 434 2212 simulicro
446 2147 526 2221 deae,
540 2170 628 2229 quam
649 2170 702 2229 per
714 2150 840 2228 quietem
853 2148 974 2219 viderat,
991 2158 1107 2228 repente
1139 2200 1140 2235 ¹

111 2229 261 2299 exclamat,
275 2228 358 2289 illam
371 2247 442 2298 esse,
457 2249 532 2308 quae
551 2250 584 2289 se
596 2242 680 2311 nocte
700 2229 899 2306 exterruisset;
921 2226 1019 2300 illurn,
1035 2248 1106 2307 quae

112 2307 247 2371 recedere
259 2308 295 2369 ab
309 2307 458 2371 obsidione
467 2308 607 2384 jussisset,
622 2306 840 2387 gratulatusque
857 2306 1104 2375 Massiliensibus,

112 2385 190 2465 quod
202 2386 446 2455 animadverteret,
457 2408 507 2448 eos
515 2389 551 2448 ad
560 2407 663 2447 curam
671 2387 791 2447 deorum
800 2384 1016 2447 immortalium
1025 2386 1105 2467 perti-
1138 2448 1139 2455 χ

112 2466 201 2535 uere,³
213 2474 314 2542 torque
327 2481 416 2526 aureo
430 2466 537 2530 donata¹
548 2467 612 2538 dee,
626 2467 658 2526 in
679 2478 849 2545 perpetuum
862 2465 1028 2525 amicitiam
1041 2484 1104 2525 cum

113 2542 347 2605 Massiliensibus
357 2543 459 2620 junxit.
502 2546 591 2607 Parta
600 2564 671 2624 pace
684 2557 711 2605 et
719 2546 869 2605 securitate
877 2542 1001 2605 fundata
1014 2544 1102 2621 legati

113 2622 351 2692 Massiliensium,
366 2635 538 2684 revertentes
547 2646 565 2683 a
576 2624 709 2702 Delphis
720 2644 778 2703 quo
786 2625 867 2685 missi
881 2632 1011 2684 munera
1020 2621 1105 2703 Apol·

113 2701 168 2763 lini
180 2702 311 2771 tulerant,
326 2702 479 2762 audierunt
492 2704 594 2763 urbem
609 2706 777 2763 Romanam
789 2724 808 2762 a
823 2701 920 2763 Gallis
935 2716 1055 2781 captam
1068 2703 1105 2762 in·
1137 2698 1138 2714 ¹

113 2784 308 2861 cansamque.⁴
367 2784 466 2845 Quam
486 2802 549 2842 rem
576 2780 658 2843 domi
677 2784 836 2843 nuntiatam
857 2780 974 2861 publico
997 2780 1107 2841 funere

115 2861 315 2923 Massilienses
328 2861 472 2939 prosecuti
479 2865 561 2939 sunt}
582 2881 744 2941 aurumque¹
754 2872 780 2920 et
789 2871 943 2939 argentum
949 2860 1106 2998 Bublicum
1136 2922 1137 2950 1

134 2940 316 3017 rivatumque
328 2937 518 3009 contulerunt,
532 2939 570 2999 ad
583 2938 757 3021 explendum
771 2938 882 3019 pondus
898 2940 947 2998 Ga
974 2938 1011 3008 is,
1022 2940 1106 3017 aqui·

114 2960 170 3080 bus
183 3018 339 3077 redemtam
353 3039 454 3096 pacem
467 3030 668 3097 cognoverant.
712 3018 757 3079 Ob
770 3018 846 3097 quod
860 3018 1003 3077 meritum
1018 3028 1046 3079 et
1060 3018 1106 3077 im·
1135 3086 1136 3095 χ

115 3096 241 3161 munitas
254 3094 314 3155 illis
329 3096 441 3157 deciam
453 3107 481 3157 et
493 3096 576 3160 locus
589 3096 820 3176 spectaculorum
832 3096 863 3157 in
871 3108 976 3159 senatu
987 3096 1107 3158 datmet
1135 3098 1136 3188 l

116 3176 215 3236 foedus
229 3194 321 3255 aequo
330 3176 398 3254 jure
406 3195 579 3257 percussum
591 3187 640 3236 est
