2300 4059
410 126 469 171 nrt
484 124 693 171 rtrrnornn.
1001 108 1047 171 61ἲ

54 282 117 345 que
129 263 243 327 occisus
256 276 304 327 est
347 266 383 327 In
396 266 485 343 hujus
492 266 592 326 locum
599 264 772 334 Artabanus,
779 274 900 343 patruus
909 265 978 343 ejus,
989 282 1041 325 rex

55 346 252 423 substituitur5
273 346 324 423 qui
337 344 414 405 bello
423 345 591 421 Thagariis¹
601 343 688 412 illato,
698 344 728 402 in
737 343 856 403 brachio
867 343 1039 415 vulneratus,

53 424 154 483 statim
163 424 278 484 desedit
319 425 400 483 Huic
410 418 591 483 Mithridates
601 422 678 481 filius
687 422 821 491 succedit,
830 422 878 481 cui
888 441 935 481 res
945 433 1041 499 gestae

57 502 165 578 Magni
177 521 339 579 cognomen
352 493 469 562 dedere:
491 500 543 579 qui
562 520 599 577 pe
611 500 768 561 claritatem
783 512 934 581 parentum
951 500 1042 561 animi

56 579 259 657 magnitudine
271 580 496 659 supergreditur.
518 523 613 639 tiata
626 578 701 639 bella
714 599 783 638 euru
795 579 924 639 finitimis
933 599 1041 657 magna

56 658 163 717 virtute
175 660 271 737 gessit,
281 659 372 718 multo
407 679 444 718 ue
457 655 578 736 populos
594 658 729 717 Parthico
740 678 830 735 reguo
843 656 956 717 addidit
980 658 1042 717 Eti-

55 756 188 795 ameum
196 678 613 816 Scythisproddoreaiiquoties
622 735 774 795 dimicavit
809 736 856 795 Ad
866 747 1042 814 postremum

57 815 222 886 Onoadisti,
245 816 455 876 Armeniorum
475 815 545 891 regi,
565 813 676 873 bellum
696 814 807 892 intulit3
829 834 886 892 quo
901 814 1039 875 debellato

57 905 175 971 propter
186 894 521 957 erudelitatemaSenatu
538 892 673 952 Parthico
682 912 772 971 regno
785 893 908 973 pellitur.

172 1013 201 1111 d
221 1052 418 1113 Romam
431 1050 724 1126 legiomsoPortltr's
734 1050 930 1113 trucidantur.

410 1128 524 1211 (Juatin
540 1128 641 1189 XLII.
656 1128 697 1206 4.)

99 1285 218 1346 Vaoans
236 1305 360 1364 regnum
369 1285 517 1364 occuparit
527 1282 647 1354 Orodes
662 1284 837 1345 Mithridatis
850 1286 942 1347 frater.
980 1286 1042 1353 Qui

55 1380 150 1442 quum
164 1362 365 1445 Babyloniam,
378 1384 436 1441 quo
447 1364 628 1423 Mithridates
641 1365 816 1443 confugerat,
827 1366 877 1425 diu
893 1366 1041 1438 obsideret,

56 1443 216 1522 oppidanos
228 1444 304 1535 tirme
316 1454 428 1502 coactos
438 1443 476 1533 'in
487 1442 662 1533 deditionem
674 1441 818 1536 compulit
861 1444 1041 1507 Mithridates

55 1520 1043 1679 iiiii*sii¹²3¹1³0s⁰e2⁸¹1¹>iiss¹i¹idi⁸i⁰qiimmsrffiss‘ffiu‘iffh

55 1690 214 1771 conspectu
231 1698 284 1738 suo
291 1697 365 1769 'eum
377 1678 515 1738 trucidari
534 1678 627 1771 jussit.
670 1680 740 1739 Post
753 1680 825 1741 haee
845 1680 956 1772 bellurn
972 1702 1041 1775 cum

55 1757 200 1895 &ht
207 1757 1040 1926 ttttt.⁰ttttt‘†⁰t1,truttttttdtttfflt

54 1914 269 1993 persequendas
282 1916 408 1974 Romam
421 1910 491 1972 belli
513 1911 658 2005 requuras,
676 1915 792 1993 magnis
805 1916 890 1975 rebus
904 1916 934 1975 in
954 1918 1040 1995 Syria

54 1992 153 2069 gestis,
174 1993 248 2071 patri
268 2004 416 2071 suspectus
437 1992 472 2052 in·
489 1991 639 2051 Parthiam
659 2004 823 2071 revocatum
845 2014 902 2073 quo
915 1994 1037 2065 absente,

53 2071 198 2131 exercitus
221 2072 395 2131 Parthorum
423 2069 539 2129 relictus
560 2070 590 2129 in
613 2070 699 2149 Syria
718 2092 737 2133 a
759 2072 869 2145 Cassio,
889 2084 1039 2153 quaestore

54 2150 166 2223 Crassi,
180 2170 250 2210 oum
261 2150 395 2230 omnibus
407 2147 529 2209 ducibus
542 2148 706 2211 trucidatur.

195 2310 222 2369 9.
245 2306 373 2370 Romani
387 2306 516 2367 Portitor
530 2300 640 2384 magno
647 2306 757 2385 prndio
770 2310 897 2371 uinctum

405 2383 519 2468 (Justin.
535 2383 635 2447 mr
652 2386 692 2464 t.)
863 2388 866 2393 “

95 2542 154 2605 His
167 2542 207 2603 ita
220 2540 308 2622 gestis
320 2562 381 2602 uon
392 2538 483 2603 multo
492 2552 555 2634 post
567 2552 701 2622 ternpore,
715 2542 793 2627 apud
806 2545 954 2611 Romanos
964 2549 1038 2613 iuter

53 2618 215 2683 Caesarem
235 2634 263 2681 et
284 2619 457 2699 Pompeium
472 2621 559 2682 civile
570 2620 681 2683 bellum
694 2627 807 2695 exarsit,
821 2623 851 2686 in
865 2647 922 2706 quo
936 2628 1038 2691 Parthi

54 2701 302 2792 Pompeianarum
321 2700 447 2777 partium
467 2698 554 2759 fuere.
597 2698 689 2763 Victis
703 2700 829 2781 partibus
844 2703 1038 2785 Pompejanis,

51 2793 81 2837 et
95 2780 200 2839 Cassio
214 2791 240 2839 et
260 2778 352 2837 Bruto
373 2775 484 2837 auxilia
503 2774 823 2858 adversushugustum
837 2794 864 2843 et
876 2786 1039 2851 Antonium

51 2858 167 2929 misere,
182 2870 209 2917 et
230 2869 292 2937 post
311 2853 381 2916 belli
401 2856 491 2915 finem
510 2874 635 2927 rursum,
658 2858 769 2919 Paooro
791 2856 870 2931 duce,
885 2864 1038 2945 Syriamet

51 2938 159 2997 Asiam
179 2948 333 3015 vastavere,
354 2946 505 3012 castraque
525 2930 659 3005 Ventidii,
693 2938 725 2998 ui
737 2938 852 3000 absente
867 2942 977 3005 Pacoro
991 2966 1038 3005 er·

51 3016 176 3074 ercitum
191 3011 360 3074 Parthicum
373 3012 490 3081 suderat,
503 3032 612 3090 magna
632 2954 708 3075 mdia
721 3038 760 3095 ag
784 3019 938 3083 rediuntur.
980 3014 1038 3085 sed

51 3090 104 3153 ille
117 3092 252 3153 simulato
265 3092 374 3160 timore,
388 3090 438 3153 diu
448 3088 586 3151 continuit
600 3110 638 3162 se,
653 3104 679 3155 et
693 3092 738 3155 ins
771 3102 840 3157 tare²
851 3101 973 3161 Parthos
987 3101 1036 3163 ali·

49 3172 152 3249 quant'
206 3192 220 3231 r
229 3188 337 3263 passus
350 3182 398 3233 est.
440 3169 488 3230 Ad
511 3182 687 3248 postremum
709 3175 740 3234 in
753 3196 870 3237 securos
892 3179 1036 3259 laetosque

50 3263 163 3328 partem
189 3267 329 3327 egronurn
337 3248 438 3318 omisit,
447 3266 571 3325 quarum
579 3246 687 3329 impetu
696 3254 752 3313 susi
768 3258 868 3315 Parthi
882 3258 1036 3321 indiverso

49 3330 157 3389 abiere.
201 3330 329 3389 Pacorus
340 3348 430 3405 quum
443 3327 587 3405 fugientes
596 3349 664 3389 suos
672 3332 825 3393 abduxisse
838 3356 938 3395 secum
948 3336 1036 3416 legio·

48 3426 104 3467 nes
118 3408 268 3467 Romanas
282 3417 397 3485 putaret
412 3417 504 3465 castra
526 3406 661 3479 Ventidii,
677 3409 753 3469 velut
767 3412 962 3474 defensoribus
980 3417 1036 3494 pri·
1134 3474 1135 3477 ,

48 3498 123 3558 rata,
146 3484 320 3565 aggreditur.
371 3486 450 3545 Tum
472 3484 634 3571 Ventidius,
656 3487 768 3567 reliqua
788 3503 866 3569 parte
887 3494 1037 3570 legionum

47 3567 166 3634 emissa,
181 3567 347 3626 universam
362 3566 535 3628 Parthorum
548 3584 669 3627 manum
682 3588 749 3627 oum
764 3589 833 3647 rege
846 3572 908 3649 ipso
925 3574 1035 3635 Pacoro

48 3643 198 3782 interietcit.
242 3640 338 3706 Nullo
358 3643 434 3705 helio
449 3642 559 3778 quhir
571 3663 700 3722 unquam
720 3647 815 3725 majus
834 3650 940 3712 vulnus
959 3672 1036 3715 acce·
1133 3666 1134 3701 r

47 3742 164 3803 perun.
1121 3750 1125 3759 “
