2300 4059
83 60 120 123 ta
232 74 298 120 rna
312 71 497 119 conrnune
511 71 656 117 sarsana
669 50 918 121 rsorosrrrorta‘

78 227 300 293 congregantur.
343 211 432 274 Canis
456 214 603 274 venaticus
615 224 780 273 venatorem
800 219 980 277 comitantem
996 212 1059 277 loro

79 295 256 354 adferamm
269 294 358 354 lustra
371 293 463 353 trahit
498 292 680 351 Beneficium
688 313 747 353 non
760 293 1058 374 ineoconsistitqnod
1145 365 1146 368 Ἴ

80 368 169 442 datur,
191 370 241 431 sed
262 372 368 451 inipso
383 369 599 431 dantisanimo
641 370 875 431 struthiocameli
895 374 987 433 Africi
1000 375 1059 434 alti·

79 450 210 511 tudinem
224 452 327 528 equitis
341 470 414 527 equo
424 448 733 511 insidentisexcedunt.
776 450 924 509 interdum
932 450 978 511 del
998 449 1059 511 hini

79 530 223 608 conspecti
236 541 309 599 sunt,
319 529 485 588 defunctum
494 526 665 604 delphinum
671 537 827 603 portantes,
838 538 865 588 et
878 531 961 606 quasi
1024 548 1059 589 us

80 628 100 667 a
124 618 205 667 entes.

99 630 220 757 gMulta,
234 704 308 762 quae
322 683 357 744 de
370 680 523 743 infantibus
536 680 664 743 serarum
677 678 750 743 lacte
762 683 883 747 nutritis
895 684 1060 764 produntur,

78 764 208 825 fabulosa
221 763 360 825 videntur.
403 765 501 824 Homo
524 758 650 838 quidam,
672 762 768 841 lapide
789 764 870 832 ictas,
895 764 998 823 oblitus
1019 772 1061 824 est
1146 769 1147 784 ¹

79 840 201 919 litteras;
223 841 298 901 alius
311 863 348 901 ex
361 840 485 920 praealto
502 852 574 899 tecto
587 843 694 916 tapsus,
715 843 815 901 matris
828 852 855 901 et
868 842 1001 901 affinium
1013 862 1062 903 no·

79 920 158 979 mina
180 920 275 981 dicere
297 940 356 979 non
375 922 471 997 potuit.
514 918 547 979 L
563 918 675 978 Siccius
693 919 840 988 Dentatus,
854 920 963 980 centies
975 920 1063 983 vicies
1147 921 1148 952 ³

100 1000 254 1070 roeliatas,¹
277 997 485 1076 quinquaginta
498 998 626 1075 quinque
637 997 785 1057 cicatrices
800 998 920 1058 adverso
934 1000 1076 1077 corpores
1147 1053 1148 1056 ,

76 1017 209 1148 istebat,
223 1077 336 1136 nullam
349 1076 380 1136 in
393 1087 481 1151 tergo.

119 1157 232 1215 Leones
241 1154 354 1215 satiati
363 1152 474 1213 innoxii
483 1163 555 1212 sunt.
588 1151 764 1230 Elephantes
773 1170 889 1215 amnem
900 1156 1064 1217 transitari‘

79 1234 215 1293 minimos
229 1232 417 1313 praemittunt.
461 1231 541 1290 Pavo
556 1233 694 1293 laederes
704 1244 878 1309 gemmatam
891 1231 988 1311 pandit
998 1254 1063 1294 cau·

79 1310 154 1374 darn
196 1311 310 1383 Gallus,
330 1309 367 1371 ab
380 1310 545 1370 adversario
559 1312 659 1379 vietae,
681 1311 839 1370 occultatur
858 1312 947 1372 silens
961 1323 988 1372 et
1005 1331 1063 1372 ser·
1148 1333 1149 1386 1

78 1390 182 1449 vitium
195 1392 306 1469 patitur.
349 1392 410 1449 Leo
428 1390 598 1449 volneratus
610 1408 811 1467 percussorem
823 1388 965 1468 intelligit,
985 1398 1012 1449 et
1030 1391 1064 1451 in
1148 1391 1149 1400 ’

78 1468 252 1546 quantalibet
260 1467 442 1527 multitudine
451 1467 564 1545 appetit.
597 1466 701 1527 Olores
711 1467 764 1526 iter
767 1468 914 1546 facientes
926 1469 1003 1529 colla
1011 1470 1063 1529 im·
1148 1477 1149 1484 ’

78 1557 188 1625 ponunt
196 1544 436 1637 praecedentibus,
450 1545 541 1604 fessos
551 1545 641 1605 duces
654 1546 690 1605 ad
700 1556 783 1623 terga
793 1548 953 1625 recipiunt.⁸
994 1548 1064 1608 Tea,

78 1624 190 1685 tudincs
199 1645 229 1683 rn
238 1624 311 1684 mari
320 1626 454 1701 degentes
463 1623 743 1703 conchyliisvivunt;
758 1623 909 1684 interram
923 1647 1062 1702 egressae,

78 1701 182 1763 herbis.
212 1704 362 1763 Sarmatae
372 1702 532 1780 longinqua
540 1703 643 1762 itinera
646 1702 771 1781 sectari,
778 1702 874 1762 inedia
881 1702 975 1793 pridie
983 1724 1066 1781 prae·

57 1784 60 1789 “
80 1790 182 1859 parant
195 1800 291 1860 equos,
301 1791 401 1859 potum
414 1780 556 1857 exiguum
569 1783 770 1857 impertientes,
781 1792 866 1859 atque
878 1792 917 1839 1ta
930 1779 1064 1858 longissi-

77 1878 157 1919 mam
177 1860 256 1919 viam
276 1861 412 1919 continuo
432 1879 521 1919 cursu
547 1860 708 1919 conficiunt.
750 1859 915 1937 Elephanti,
936 1860 1064 1937 equitatu

79 1938 273 2006 circumventi,
284 1938 415 1997 infirmos
429 1948 477 1995 aut
487 1938 577 1997 fessos
590 1948 640 1995 aut
649 1938 813 1996 vulneratos
825 1937 857 1995 in
870 1938 999 2001 medium
1011 1958 1065 2017 ag-

78 2034 145 2076 men
159 2015 307 2094 recipiunt
349 2014 458 2076 Multos
472 2016 622 2075 morientes
631 2035 701 2074 cura
715 2014 880 2092 sepulturae
893 2018 981 2093 angit.

119 2095 242 2154 Danaus
256 2114 293 2155 ex
306 2097 441 2173 Aegypto
455 2092 486 2153 in
498 2094 654 2153 Graeciam
668 2096 872 2163 advectassent
881 2092 1064 2171 Argivorum

77 2170 167 2231 factus
182 2184 230 2232 est.
272 2172 440 2232 Alexander
453 2171 626 2249 Bucephalo
649 2193 722 2249 equo
736 2172 869 2249 &saneto
882 2172 964 2231 duxit
983 2193 1066 2234 exsa-

77 2251 167 2387 quias,
177 2252 335 2327 urbemque
348 2249 538 2325 Bucephalon
552 2252 729 2327 appellatam
742 2250 804 2385 qus
816 2250 927 2311 tumulo
941 2252 1066 2313 circum·

98 2328 174 2387 edit·
213 2330 246 2388 P.
264 2328 400 2387 Catienus
412 2326 544 2387 Plotinus
557 2330 719 2407 patronum²
732 2349 749 2386 a
768 2348 802 2386 eo
813 2327 918 2400 dilexit,
929 2340 967 2400 ut,
977 2330 1064 2390 heres

77 2406 213 2467 omnibus
226 2409 288 2484 ejus
301 2407 384 2467 bonis
398 2405 565 2477 ia'stitatas,8
585 2407 616 2465 in
629 2426 735 2484 rogum
748 2406 811 2483 ejus
825 2427 857 2467 sa
869 2407 1023 2485 conjiceret
1035 2420 1065 2470 at

77 2496 316 2545 concremaretur.
358 2484 495 2544 Erinacei
516 2486 642 2547 volutati
652 2504 741 2563 super
754 2505 847 2562 poma,
859 2486 954 2545 ‘humi
962 2488 1067 2565 jacea·

79 2567 131 2635 tio,
146 2562 197 2622 illa
210 2563 301 2641 spinis
316 2565 403 2639 affixa
416 2564 447 2621 in
460 2583 545 2622 cavas
559 2564 680 2624 arbores
690 2574 808 2642 portant

117 2641 267 2702 Beneficia
288 2661 347 2701 non
368 2642 399 2701 in
412 2640 520 2718 vulgus
535 2643 706 2719 effundendo
718 2654 791 2701 sunt
835 2641 968 2703 Indicum
980 2662 1067 2705 mare

77 2720 233 2783 testudines
247 2730 340 2780 tantae
352 2720 571 2797 magnitudinis⁹
580 2720 637 2790 alit,
646 2732 678 2779 ut
691 2720 825 2797 singulae
837 2722 955 2797 tugurio
967 2731 1065 2799 tegen-

79 2801 133 2859 do¹⁰
155 2798 305 2859 sufficiant.
349 2800 469 2867 Leones
492 2818 575 2857 senes
594 2799 666 2868 sacti,
688 2808 825 2877 appetunt
839 2800 978 2869 homines,
993 2820 1068 2878 quo·

77 2877 159 2937 niam
171 2876 208 2937 ad
218 2880 428 2954 persequendas
440 2878 513 2936 feras
528 2879 604 2937 vires
617 2897 675 2937 non
688 2889 846 2955 suppetunt.
888 2876 1065 2939 struthioca-

78 2952 162 3015 melis
171 2956 300 3032 ungulae
307 2965 374 3014 sunt
382 2956 507 3015 cervinis
516 2955 633 3024 similes,
644 2959 909 3033 competetentis
917 2956 1068 3038 lapidibus

79 3034 169 3106 utiles,
184 3052 255 3112 quos
269 3034 301 3093 in
313 3034 384 3112 fuga
397 3047 496 3095 contra
509 3047 660 3113 sequentes
669 3034 839 3113 jaculantur.

427 3176 564 3238 Ablatiee
579 3179 710 3239 absalme

117 3294 282 3355 Senesceate
292 3294 387 3364 Lana
397 3306 496 3365 ostrea,
506 3296 651 3357 tabescere
658 3296 799 3368 dicuntur,
810 3306 949 3359 crescente
962 3299 1066 3358 eidem

77 3370 210 3448 gliscunt.
254 3373 351 3451 Caspe
364 3386 469 3447 contra,
483 3376 573 3435 Lana
586 3379 746 3450 dejiciente,
755 3376 936 3447 revirescere,
951 3376 1065 3437 adoles·

76 3460 164 3521 cente,
174 3451 334 3511 inarescere
343 3452 456 3513 dicitur,
492 3456 625 3531 Geryone
638 3458 793 3525 interemto,
804 3455 950 3516 Hercules
963 3455 994 3514 in
1006 3457 1064 3515 Ita·

76 3526 238 3590 liarnvenit.
262 3532 380 3593 Sabinis
389 3534 544 3603 debellatis,
555 3534 732 3611 Tarquinius
741 3533 923 3612 triumphans
932 3535 1075 3595 Romam·

76 3604 168 3670 radit
207 3608 315 3671 Jaso'ne
326 3608 418 3687 Lycto
431 3612 588 3689 interfecto,
608 3613 696 3687 canis,
717 3631 804 3691 quem
817 3613 946 3685 habehat,
959 3614 1066 3674 cibran
