2300 4059
207 138 330 184 sarrae
343 141 364 184 s
378 138 551 189 oteramus
564 138 644 185 rari
658 136 896 185 riaaarmnrs.
1005 124 1042 184 91

62 277 119 340 bns
128 279 299 340 notissimus
312 281 364 339 iste
375 280 572 340 triumviratus
586 281 659 349 inter
672 280 840 350 Antonium,
855 280 1046 358 Ontavianum

63 369 91 418 et
106 358 250 435 Lepidum
269 361 301 419 in
324 360 453 437 quinque
465 380 558 422 annos
575 363 693 439 junctus
710 371 795 437 utque
808 361 976 419 constitutus
994 370 1044 429 est,

62 437 240 506 eoconsilio,
254 451 286 497 ut
353 439 359 452 ’
373 450 508 517 potestate
520 440 696 517 conjunctim
709 438 864 515 imperium
873 448 1044 509 exercerent.

62 515 302 653 etdiberaereipu
335 518 395 577 'cae
403 517 574 589 defensores,
584 518 717 602 inprimis
735 517 1044 590 Ciceronememedio

61 605 91 654 to
115 606 202 655 erent
604 600 610 608 '

388 755 434 814 26.
458 753 560 819 &aare
574 752 723 817 occiditur.

102 908 208 970 Cicero
217 908 283 987 jam·
292 930 395 1048 expiere
407 897 589 990 publicarum
603 917 742 972 curarum
751 922 779 971 et
790 921 847 971 toto
857 908 955 971 animo
964 908 995 971 in
1003 905 1046 971 lit·

59 998 189 1063 terarum
203 990 305 1048 studiis
337 990 429 1049 efixns
443 989 474 1050 in
489 990 658 1051 Tusculano
679 1010 732 1049 suo
745 990 933 1059 delitescebat,
946 1010 1044 1069 quum,

59 1086 92 1127 se
105 1068 181 1127 inter
194 1068 367 1159 proscriptos
376 1068 496 1150 relatum
504 1090 575 1139 essa
586 1070 703 1129 audiret.
728 1071 795 1133 Quo
809 1069 909 1129 nrtntio
939 1070 1046 1149 nimum

59 1144 177 1225 quidem
192 1150 253 1226 ejus
267 1147 461 1208 animusadeo
475 1149 626 1227 perculsus
640 1161 690 1218 est,
700 1160 730 1207 ut
740 1146 822 1226 inops
836 1090 950 1208 consiii
960 1149 1045 1208 modo

58 1226 120 1285 hnc
133 1225 219 1285 medo
234 1225 305 1285 illuc
319 1226 419 1303 fugere
437 1239 555 1287 tentaret
563 1248 570 1305 ;
592 1224 666 1296 dein.
680 1240 771 1305 quum
785 1225 938 1305 paululum
959 1248 991 1287 se
1004 1246 1046 1287 re·

57 1305 182 1383 cepisset
199 1305 264 1382 ejus
276 1303 399 1375 animus,
413 1323 495 1385 capto
508 1305 630 1367 consilio
651 1326 719 1365 cum
733 1318 824 1365 vetere
838 1305 932 1365 amico
953 1307 1045 1366 Bruto

57 1402 92 1442 se
112 1384 316 1461 conjungendi,
337 1406 519 1463 navemque
538 1386 568 1445 in
591 1384 793 1445 Macedoniam
807 1385 966 1455 veheretur,
980 1404 1046 1444 con·

56 1463 176 1522 scendit
200 1462 310 1523 Verum
325 1462 403 1522 enim
417 1485 485 1524 vero
499 1484 536 1523 ne
548 1466 579 1523 in
593 1464 647 1525 hoc
662 1462 779 1543 quidem
792 1460 974 1542 exsequendo
984 1482 1046 1543 per·

56 1542 127 1601 stitit
141 1542 269 1602 consilio.
312 1544 391 1601 Nam
402 1561 492 1620 quum
500 1541 608 1603 subiret
622 1564 689 1603 eum
700 1544 841 1621 cogitatio
851 1563 882 1603 se
896 1541 1045 1606 honestius

56 1623 89 1681 in
104 1622 196 1699 patria
210 1622 298 1680 vitam
310 1620 506 1699 depositurum
519 1642 590 1691 esse,
601 1644 674 1683 nave
688 1620 725 1682 ad
740 1621 870 1699 Cajetam
883 1621 1004 1714 appulsa
1014 1622 1045 1683 in

55 1700 161 1759 villam
175 1719 259 1759 suain
273 1698 501 1760 Formianamse
513 1701 640 1762 contulit.
684 1700 727 1762 lbi
738 1698 852 1779 placide
865 1698 1045 1779 aliquamdiu

55 1776 249 1838 dormientem
257 1776 341 1848 servi,
348 1780 399 1855 qui
409 1779 511 1857 procul
519 1798 639 1839 manum
648 1778 780 1847 rnilitum,
788 1776 937 1839 dominum
948 1781 1046 1859 exqui-

55 1858 191 1927 rentium,
205 1869 418 1937 conspererant,
433 1878 559 1919 esornno
574 1859 739 1929 excitabant,
755 1876 879 1936 eumque
892 1858 997 1938 partim
1007 1860 1044 1931 vi,

54 1938 163 2015 partim
177 1936 317 2015 precibus,
332 1933 362 1995 in
377 1934 477 1996 lectica
490 1933 669 2007 collocatum.
685 1950 715 1996 ut
729 1936 803 1995 vitae
812 1934 941 2015 periculo
955 1934 1045 2017 eripe·

54 2028 129 2084 rent,
144 2014 222 2074 littus
235 2035 335 2075 versus
350 2014 502 2094 portabant
532 2016 589 2076 Sed
603 2018 633 2075 in
643 2012 738 2075 medin
751 2016 798 2075 via
811 2013 1045 2095 opprimebantur

53 2096 94 2154 ab
105 2092 225 2155 Antonii
238 2093 384 2153 militibus.
429 2094 540 2164 Cicero,
552 2115 642 2173 quum
652 2093 830 2173 intelligeret,
841 2092 1044 2174 sepericulum

53 2172 188 2251 effugere
201 2194 260 2232 non
274 2193 364 2251 posse,
378 2170 509 2233 lecticam
532 2171 635 2251 deponi
654 2172 747 2250 jussit.
790 2174 869 2244 Mox,
884 2184 1035 2253 conspecto

52 2250 164 2313 borum
170 2249 382 2321 militnmduce,
390 2250 505 2344 Popilio
523 2253 770 2321 laenate‚novam
779 2250 879 2313 salutis
890 2270 1044 2331 spemcon·

52 2331 132 2410 cepit
145 2330 251 2391 animo.
295 2331 384 2391 Hunc
398 2349 582 2410 sn1m‚quem
595 2329 750 2408 aliquando
761 2328 790 2391 in
805 2350 893 2391 cause
903 2330 1017 2411 capitali
1025 2352 1045 2392 a

51 2407 203 2489 supplicio
217 2408 393 2477 liberaverat,
407 2411 457 2469 vix
469 2421 528 2471 tarn
537 2410 729 2491 inhumanum
744 2408 804 2470 iore
817 2408 1002 2481 existimabat,
1013 2422 1044 2472 nt

51 2491 83 2550 ei
100 2492 188 2549 vitam
201 2494 351 2549 sustineret
359 2486 478 2568 eripere,
488 2490 536 2549 cui
545 2510 629 2550 suam
642 2488 767 2549 debebat.
809 2488 866 2551 Sed
880 2487 931 2551 ille
939 2490 1043 2551 veteris

50 2568 193 2629 beneficii
204 2567 357 2645 immemor
371 2582 455 2647 capnt
468 2580 495 2629 et
508 2588 628 2629 manum
643 2568 771 2628 dextram
782 2566 917 2629 Ciceroni
926 2569 972 2630 vel
982 2570 1044 2649 ipse

51 2646 243 2718 detruncavit,
257 2646 303 2707 vel
324 2646 430 2707 milites
439 2668 507 2708 suos
521 2648 690 2709 detruncare
705 2646 793 2716 'ussit
802 2659 829 2707 et
842 2660 1003 2727 utrumque,
1012 2660 1044 2710 ut

50 2738 235 2807 perpetratae
247 2726 344 2786 caedis
357 2724 519 2787 mercedem
532 2725 594 2787 acci
615 2738 680 2796 eret,
696 2668 821 2787 liomam
831 2724 867 2785 ad
881 2729 1043 2790 Antonium

50 2806 235 2885 deportavit·
265 2806 344 2867 Tum
360 2806 480 2866 Antonii
494 2827 575 2877 uxor,
591 2748 704 2876 lelna,
719 2804 762 2865 ira
772 2816 798 2865 et
808 2806 905 2867 furore
918 2806 1041 2885 abrepta,

50 2883 166 2947 summi
180 2885 299 2945 oratoris
319 2884 452 2963 linguam
466 2906 520 2946 acu
534 2884 670 2964 perfodit3
692 2884 837 2946 Antonius
850 2896 946 2947 autem
962 2888 1043 2947 Cice

50 2965 138 3027 ronis
147 2976 232 3042 caput
245 2976 330 3041 atque
342 2984 469 3036 manum,
483 2977 620 3043 tanquam
629 2976 778 3057 tropaeum
791 2962 916 3045 aliquod.
926 2964 1041 3047 publice

50 3046 86 3105 in
101 3042 217 3115 Rostris
228 3041 394 3122 conspectui
406 3044 559 3105 hominnm
573 3060 679 3123 expom
688 3041 781 3121 jussit

504 3124 541 3183 91
